2164 3666
225 309 230 312 -
295 283 515 328 Indicium
545 297 689 328 mores
718 284 964 328 nobilitatis
995 285 1173 329 habent.

295 360 518 416 Indignor,
549 361 810 416 quandoque
840 362 980 405 bonus
1011 362 1221 405 dormitat
1249 362 1482 406 Homerus.

294 437 480 494 Indulge
509 438 658 493 genio,
690 451 923 494 carpamus
953 439 1120 483 dulcia:
1152 446 1349 484 nostrum
1381 445 1461 495 est,

294 514 413 571 quod
441 515 571 560 vivis:
603 515 715 560 cinis
746 521 790 559 et
820 529 972 561 manes
1001 522 1047 560 et
1077 516 1228 560 fabula
1257 516 1349 560 fies.

293 592 391 637 vive
420 605 589 636 memor
618 592 710 648 leti,
740 591 852 648 fugit
882 593 1005 637 hora.

294 668 499 724 Indulget
528 669 727 729 Fortuna
755 670 884 713 malis
913 676 962 713 ut
991 671 1168 714 laedere
1197 671 1351 726 possit.

180 748 264 790 425
294 745 514 791 Infantem
543 746 708 790 nudum
739 761 872 802 quum
902 753 946 791 te
977 754 1136 792 natura
1165 749 1341 803 crearit,

289 824 566 880 paupertatis
594 837 714 874 onus
735 825 956 880 patienter
984 825 1100 870 ferre
1131 833 1362 870 memento.

292 933 305 944 .
321 933 331 944 .
349 933 360 944 .
377 899 569 946 Infirmis
598 914 733 945 causa
761 902 926 956 pusilla
953 909 1095 946 nocet..

290 977 342 1022 In
372 978 593 1023 flammam
624 978 838 1035 flammas,
869 980 914 1022 in
946 993 1066 1024 mare
1096 980 1244 1025 fundis
1275 994 1426 1036 aquas.

292 1055 345 1100 In
374 1056 490 1100 freta
518 1056 728 1100 collectas
759 1057 852 1100 alta
880 1057 984 1112 quid
1016 1057 1142 1101 addis
1173 1059 1345 1113 aquas?

292 1132 463 1189 Ingenii
492 1133 618 1178 dotes
649 1135 846 1190 corporis
877 1134 990 1178 adde
1022 1135 1160 1179 bonis.

291 1210 568 1267 ...Ingeniis
598 1212 678 1254 vicl.
711 1211 889 1255 Scilicet
919 1212 1120 1267 ingeniis.

178 1290 265 1333 430
293 1288 529 1345 Ingeniosa
557 1289 659 1343 gula
688 1294 767 1332 est.

291 1400 302 1410 .
320 1400 330 1410 .
349 1365 560 1422 ‚Ingenio
591 1372 679 1410 stat
709 1366 803 1409 sine
834 1372 973 1410 morte
1005 1366 1138 1410 decus
1171 1368 1252 1411 m‘d.
1284 1368 1343 1411 At
1372 1380 1472 1411 non.

291 1443 472 1499 Ingenio
503 1443 703 1487 stimulos
734 1443 922 1488 subdere
954 1444 1072 1487 fama
1102 1444 1226 1488 solet.

290 1553 300 1564 .
319 1554 329 1564 .
347 1554 358 1564 .
376 1521 605 1576 Ingenium
636 1520 766 1575 longa
797 1522 876 1564 vid.
908 1521 1036 1565 Adde
1067 1522 1196 1577 quod.

289 1597 519 1654 Ingenium
550 1598 667 1642 mala
697 1611 828 1653 saepe
858 1606 1045 1642 movent.

293 1674 522 1730 Ingenium
552 1675 766 1731 probitas,
797 1682 1023 1732 artemque
1054 1677 1271 1721 modestia
1300 1678 1447 1722 vincit.

288 1752 518 1808 Ingenium
549 1753 770 1807 quondam
802 1753 947 1796 fuerat
978 1754 1213 1809 pretiosius
1243 1768 1372 1798 auro:

374 1836 419 1873 at
448 1843 565 1873 nunc
596 1830 823 1874 barbaries
853 1830 1032 1885 grandis
1064 1831 1228 1875 habere
1258 1832 1384 1876 nihil.

290 1940 300 1951 .
318 1940 328 1952 .
347 1906 580 1962 ,Ingentes
611 1909 801 1963 parturit
832 1909 899 1951 ira
928 1909 1070 1952 minas
1102 1911 1181 1952 vicl.
1214 1908 1334 1963 Quos
1364 1909 1581 1965 equidem.

374 1984 592 2042 Ingenuas
625 1988 704 2029 m'ael.
737 1986 866 2029 Adde
896 1986 1013 2040 quod
1045 1987 1271 2041 ingenuas.

289 2062 552 2118 ...Ingrato
584 2064 664 2106 vid.
698 2063 824 2107 Adde
855 2063 972 2118 quod
1004 2064 1187 2119 ingrato.

290 2173 299 2183 .
318 2173 327 2183 .
347 2174 355 2183 .
374 2139 425 2182 Iu
456 2140 626 2195 magnis
658 2148 701 2183 et
731 2140 922 2183 voluisse
953 2147 1021 2184 sat
1051 2149 1118 2184 est
1151 2143 1230 2185 vid.
1263 2141 1441 2195 Quodsi.

175 2220 258 2261 435
289 2216 505 2261 Innocuos
537 2231 722 2261 censura
752 2224 897 2272 potest
927 2220 1178 2273 permittere
1210 2220 1344 2262 lusus.

288 2293 339 2336 In
370 2295 511 2349 pretio
541 2295 728 2350 pretium
761 2308 874 2338 nunc
906 2302 986 2350 est,
1016 2295 1092 2339 dat
1122 2309 1279 2340 census
1310 2296 1512 2350 honores,

373 2385 530 2415 census
560 2372 797 2415 amicitias:
829 2385 996 2428 pauper
1026 2374 1184 2428 ubique
1209 2374 1342 2429 jacet.

288 2449 495 2504 Inquinat
525 2436 724 2504 egregios
755 2449 963 2505 adjuncta
993 2452 1201 2506 snperbia
1230 2465 1387 2495 mores.

287 2526 474 2570 Insanus
505 2527 650 2570 medio
681 2526 860 2570 flumine
891 2529 1067 2583 quaeris
1097 2542 1270 2583 aquam.

288 2603 339 2646 In
370 2604 524 2647 silvam
554 2617 641 2648 non
672 2604 790 2659 ligna
820 2604 936 2649 feras
967 2605 1178 2649 insanius.

175 2683 259 2724 440
289 2713 299 2724 .
317 2714 327 2724 .
346 2714 356 2724 .
374 2680 425 2723 In
454 2682 617 2726 teneris
648 2695 935 2726 consuescere
965 2683 1149 2727 multum
1180 2690 1260 2728 est.

288 2757 514 2802 Interdum
546 2758 754 2802 lacrimae
783 2760 983 2814 pondera
1013 2761 1129 2804 vocis
1160 2761 1338 2805 habent.

287 2835 511 2879 Interdum
542 2836 695 2890 vulgus
724 2844 892 2880 rectum
922 2837 1053 2893 videt,
1085 2844 1152 2882 est
1181 2840 1256 2882 ubi
1286 2844 1454 2894 peccat.

287 2912 461 2956 Interea
491 2914 640 2969 musis,
671 2914 842 2957 animus
873 2914 974 2957 dum
1007 2915 1193 2971 mollior,
1224 2917 1354 2970 insta,

287 2995 332 3033 et
361 3002 473 3045 quae
504 3003 606 3033 mox
636 2991 822 3046 imitere,
854 2992 996 3047 legas:
1028 3005 1108 3036 nec
1139 2992 1314 3037 desinat
1343 3005 1532 3047 unquam

285 3074 430 3111 tecum
462 3066 597 3122 Graja
627 3067 759 3123 loqui,
789 3075 933 3112 tecum
965 3069 1165 3113 Romana
1195 3076 1402 3114 vetustas.

286 3144 493 3188 Intererit
522 3144 706 3188 multum
738 3145 943 3189 Davusne
974 3146 1178 3201 loquatur
1208 3161 1263 3191 an
1295 3148 1437 3191 heros.

172 3223 257 3264 445
287 3220 410 3264 Inter
437 3220 648 3266 finitimos
678 3228 802 3267 vetus
832 3230 963 3279 atque
995 3224 1179 3279 antiqua
1209 3225 1422 3268 simultas.

286 3297 409 3342 Inter
437 3297 639 3343 Ledaeos
669 3298 839 3344 ridetur
868 3313 1022 3344 corvus
1053 3301 1209 3344 olores.

1617 298 1866 330 Ovid.exPont.
1875 298 2042 330 111.2.1o4·

1617 376 1697 408 Hor.
1719 376 1827 415 Epist.
1850 376 1891 406 Π.
1913 378 1944 409 3.
1966 377 2041 409 359.

1618 454 1709 485 Pers.
1732 452 1802 484 Sat.
1825 454 1854 484 5.
1879 453 1950 485 151.

1618 684 1719 716 Dion.
1742 684 1816 716 Cat.
1832 683 1919 715 Dizt.
1944 684 1971 715 2.
1989 683 2042 718 23.

1617 762 1718 793 Dion.
1737 761 1812 794 Cat.
1834 761 1920 793 Dist.
1945 762 1974 792 1.
1990 761 2042 792 21.

1615 916 1715 948 ovid.
1737 916 1832 948 Rem.
1856 914 1926 946 730.

1614 993 1716 1027 Ovid.
1728 993 1844 1028 Amor,
1863 993 1920 1024 m.
1939 994 1967 1025 2.
1986 994 2039 1027 ³4.

1619 1071 1719 1103 ovid.
1734 1070 1852 1102 Amor.
1871 1069 1912 1100 ΙΙ.
1927 1069 1976 1100 10.
1992 1069 2039 1100 14.

1616 1148 1716 1180 Ovid-
1741 1147 1816 1179 Art.
1835 1144 1919 1179 Am.
1932 1148 1964 1177 ’2.
1978 1149 2039 1181 112.

1618 1304 1707 1335 l'etr.
1730 1302 1762 1333 d.
1786 1306 1870 1336 mut.
1886 1311 1911 1334 r.
1935 1311 1958 1333 r.
1982 1303 2044 1336 ³8.

1614 1457 1713 1490 Ovld.
1738 1458 1838 1489 Trist.
1856 1457 1895 1488 V.
1922 1457 1948 1487 1.
1974 1456 2024 1487 76.

1614 1612 1712 1644 Ovid.
1734 1612 1804 1643 Art.
1834 1610 1910 1641 Am.
1938 1611 1966 1642 2.
1987 1610 2037 1642 4³.

1619 1691 1703 1721 Stat.
1727 1690 1806 1720 Sllv.
1830 1689 1888 1722 111.
1912 1689 1942 1721 5.
1966 1689 2016 1718 67.

1615 1767 1715 1799 Ovld.
1732 1767 1848 1798 Amor.
1872 1766 1929 1797 111.
1952 1766 1981 1796 8.
2005 1766 2035 1799 3.

1615 2231 1714 2262 Mart.
1738 2230 1854 2270 Epigr.
1878 2230 1901 2261 1.
1924 2230 1954 2260 4.
1977 2230 2005 2259 7.

1608 2308 1707 2340 Ovld.
1732 2307 1819 2339 Fast.
1845 2309 1872 2339 1.
1895 2307 1968 2338 217.

1608 2463 1724 2495 Claud.
1739 2462 1867 2493 Honor.
1892 2461 1950 2492 lv.
1963 2460 2033 2491 305.

1613 2541 1710 2579 l'rop,
1735 2539 1783 2570 El.
1807 2540 1832 2570 1.
1856 2539 1885 2569 9.
1911 2539 1956 2572 16.

1612 2618 1692 2649 Hor.
1706 2617 1774 2647 Sat.
1798 2617 1822 2649 1.
1849 2616 1896 2646 10.
1914 2616 2032 2655 3462).

1610 2695 1712 2734 Verg.
1735 2694 1859 2733 Georg.
1882 2696 1911 2726 2.
1934 2695 2006 2724 272.

1608 2771 1707 2804 Ovid.
1718 2780 1761 2803 ex
1775 2772 1951 2805 Pontum
1963 2773 2032 2805 158.

1611 2850 1693 2881 flor.
1717 2849 1822 2889 Epist.
1847 2850 1886 2881 11.
1911 2849 1938 2880 1.
1961 2849 2011 2879 63.

1609 2927 1725 2958 antid.
1748 2927 1874 2958 Honor.
1891 2927 1949 2959 1v.
1961 2927 2032 2957 396.

1610 3160 1690 3191 lior.
1714 3160 1820 3199 Epist.
1845 3159 1884 3191 11.
1909 3159 1936 3190 3.
1962 3158 2031 3189 114.

1607 3237 1687 3270 Juv.
1711 3237 1779 3268 Sat.
1801 3238 1847 3270 15.
1870 3239 1925 3271 88.

1606 3314 1706 3346 Mart.
1729 3315 1844 3355 Epigr.
1867 3315 1892 3346 1.
1914 3315 1964 3346 53.
1987 3315 2015 3345 a

1647 3378 1694 3407 3·
