2164 3666
854 157 1253 244 -lO-ss-

228 344 423 390 Divitiae
451 343 640 401 grandes
669 343 840 388 homini
870 349 986 400 sunt,
1017 343 1164 389 vivere
1194 355 1328 400 parce

1557 357 1657 391 Luer:
1670 357 1713 390 de
1724 366 1787 391 rer.
1800 367 1835 391 n.
1849 359 1880 392 ὅ.
1892 358 1976 391 1117
1983 382 1991 392 .

228 436 369 478 aequo
400 423 560 478 animo,
591 435 734 478 neque
755 422 872 466 enim
903 420 972 466 est
1001 434 1194 477 unquam
1210 420 1399 477 penuria
1418 421 1556 476 parvi.

228 500 464 544 Divitiisne
494 501 576 544 vid.
608 500 836 544 Utrumne.

170 601 174 605 ·
228 578 404 622 Dixerit
433 578 638 622 insanum
669 578 745 633 qui
776 591 859 633 me,
890 577 1076 622 totidem
1107 577 1269 621 audiet.

227 662 489 707 ...Dociles
520 662 747 706 imitandis

226 742 430 797 turpibus
461 754 513 784 ac
542 740 689 795 pravis
721 753 872 784 omnes
904 753 1055 784 sumus
1087 745 1131 783 et
1160 739 1399 783 Catilinam

227 832 487 875 quocunque
517 819 563 861 in
593 818 757 873 populo
788 818 951 873 videas,
984 830 1244 873 quocunque
1276 817 1358 861 sub
1389 830 1485 872 axe,

225 897 303 942 sed
333 910 414 940 nec
443 896 607 940 Brutus
639 896 723 939 erit
751 895 879 938 Bruti
909 909 990 939 nec
1021 894 1261 939 avunculus
1291 908 1490 950 usquam.

110 992 196 1033 220
227 1024 236 1033 .
255 1023 264 1033 .
283 989 448 1033 ,Dolor
479 993 546 1031 est
576 987 796 1031 medicina
827 987 1005 1031 doloris.

226 1101 235 1111 .
255 1102 264 1111 .
283 1102 292 1111 .
310 1066 448 1110 Dolor
477 1066 551 1108 hic
581 1066 664 1108 tibi
694 1065 894 1120 proderit
924 1064 1029 1107 olim
1062 1065 1142 1107 vid.
1173 1064 1338 1108 Perfer.

224 1145 376 1189 Donec
407 1145 494 1188 eris
525 1143 645 1199 felix,
677 1143 840 1187 multos
870 1143 1124 1186 numerabis
1155 1142 1334 1197 amicos,

308 1229 511 1278 tempora
541 1222 578 1265 si
609 1221 775 1264 fuerint
804 1221 970 1276 nubila,
1002 1220 1121 1264 solus
1153 1220 1254 1264 eris.

224 1301 364 1344 Dulce
395 1300 507 1344 mori
537 1299 724 1355 miseris,
758 1299 835 1343 sed
866 1311 984 1343 mors
1016 1303 1169 1354 optata
1197 1297 1385 1342 recedit:

312 1385 359 1423 at
389 1393 523 1434 quum
554 1378 694 1421 tristis
726 1378 823 1433 erit,
855 1376 1149 1432 praecipitata
1179 1374 1310 1419 venit.

223 1457 383 1501 Dulcia
413 1469 500 1500 non
530 1455 726 1510 ferimus,
758 1468 888 1499 succo
917 1467 1179 1498 renovemur
1209 1466 1374 1497 amaro.

170 1574 174 1578 .
223 1535 378 1579 Dulcis
407 1533 653 1589 inexpertis
684 1532 858 1576 cultura
887 1531 1082 1587 potentis
1115 1530 1259 1587 amici,

224 1618 433 1668 expertus
463 1610 632 1656 metuit.

108 1708 191 1748 225
224 1739 234 1749 .
253 1739 262 1749 .
281 1739 290 1749 .
306 1705 578 1749 Dulcissima
606 1703 751 1759 prima
779 1702 995 1757 voluptas.

221 1775 406 1827 Dulcius
437 1783 483 1826 in
515 1781 658 1826 solitis
690 1785 840 1824 cantat
869 1778 1117 1823 Philomela
1146 1779 1327 1822 rubetis.

223 1861 425 1906 ...Dum
453 1860 659 1915 bibimus,
691 1859 795 1902 dum
827 1863 957 1913 serta,
988 1861 1225 1912 unguenta,
1255 1855 1443 1911 puellas,

221 1939 459 1995 poscimus,
490 1937 664 1993 obrepit
693 1950 783 1980 non
812 1935 1042 1980 intellecta
1071 1938 1290 1979 senectus.

222 2017 339 2061 Dum
369 2016 474 2060 licet
504 2016 550 2059 in
580 2015 713 2059 rebus
744 2015 826 2058 vid.
859 2013 1015 2068 Carpe.

220 2094 470 2138 Dummodo
501 2092 738 2149 pugnando
769 2105 986 2147 superem,
1017 2096 1066 2134 tu
1096 2091 1222 2134 vince
1253 2088 1486 2145 loquendo.

220 2171 469 2216 Dummodo
501 2171 558 2214 sit
589 2170 724 2224 dives,
756 2170 971 2213 barbarus
1001 2169 1096 2224 ipse
1127 2167 1287 2223 placet.

107 2267 192 2309 230
221 2264 336 2307 Dum
369 2263 453 2307 sibi
485 2262 669 2318 quisque
700 2262 859 2316 placet,
891 2259 1072 2304 credula
1101 2259 1233 2302 turba
1263 2271 1426 2303 sumus.

221 2342 338 2385 Dum
369 2346 572 2396 spectant
602 2340 718 2383 oculi
749 2339 907 2394 laesos,
938 2337 1174 2381 laeduntur
1203 2342 1248 2381 et
1277 2335 1376 2392 ipsi.

221 2420 338 2463 Dum
367 2423 522 2463 vernat
553 2417 745 2472 sanguis,
778 2416 881 2460 dum
912 2415 1033 2471 rugis
1064 2415 1235 2470 integer
1266 2427 1420 2469 annus,

307 2503 443 2551 utere,
475 2509 530 2539 ne
562 2494 666 2550 quid
699 2508 797 2538 cras
828 2494 937 2537 libet
968 2494 1023 2537 ab
1055 2506 1130 2537 ore
1162 2492 1270 2536 dies.

221 2575 338 2619 Dum
369 2575 483 2617 vires
514 2573 704 2627 annique
735 2572 898 2626 sinunt,
930 2570 1116 2615 tolerate
1147 2569 1340 2614 labores:

300 2652 393 2707 jam
424 2651 571 2695 veniet
601 2650 737 2693 tacito
770 2662 914 2715 curva¹
933 2653 1114 2692 senecta
1142 2646 1268 2702 pede.

223 2719 340 2775 Dum
370 2730 509 2773 vitant
541 2728 666 2772 stulti
695 2727 803 2770 vitia
833 2727 878 2770 in
909 2726 1132 2770 contraria
1162 2730 1357 2768 currunt.

108 2824 191 2866 235
225 2821 424 2866 ...Dum
455 2821 564 2864 vitat
596 2820 776 2863 humum
807 2819 945 2862 nubes
977 2823 1020 2862 et
1050 2816 1202 2860 inania
1231 2820 1393 2871 captat.

223 2900 346 2943 Dura
378 2899 486 2943 satis
518 2897 690 2941 miseris
722 2895 981 2941 memoratio
1012 2894 1160 2950 prisca
1188 2893 1416 2937 bonorum.

224 2977 391 3020 Durate
422 2983 466 3020 et
496 2981 664 3019 vosmet
692 2974 824 3018 rebus
856 2978 1027 3017 servate
1058 2970 1277 3016 secundis.

224 3054 388 3098 Durius
420 3054 464 3097 in
496 3052 626 3097 terris
658 3052 770 3095 nihil
802 3057 882 3107 est,
915 3050 1032 3106 quod
1062 3049 1191 3105 vivat,
1227 3052 1416 3102 amante,

309 3144 402 3187 nec,
434 3130 564 3175 modo
597 3130 634 3174 si
665 3130 826 3185 sapias,
858 3128 975 3184 quod
1006 3128 1151 3171 minus
1182 3138 1279 3184 esse
1310 3125 1431 3170 velis.

225 3271 511 3355 ...Egomet
542 3300 602 3342 mi
631 3299 824 3355 ignosc0‚
856 3298 1060 3341 Maenius
1090 3295 1245 3352 inquit.

110 3380 196 3421 240
226 3377 407 3432 ...Ego
437 3383 481 3421 te
512 3378 630 3422 intus
662 3382 705 3422 et
735 3377 782 3420 in
811 3380 911 3420 cute
941 3374 1054 3419 novi.

1557 590 1638 621 Hor.
1662 589 1733 622 Sat.
1755 590 1798 622 11.
1820 591 1851 621 3.
1873 591 1952 623 298:

1559 667 1640 699 ὖιιν.
1663 667 1735 700 Sat.
1759 668 1810 700 14.
1833 668 1885 700 40.
1929 711 1936 718 ἱ

1559 999 1662 1031 Dion.
1681 998 1755 1031 Cat.
1778 997 1864 1031 Dm.
1886 998 1917 1030 4.
1931 998 1983 1029 40.

1555 1153 1656 1186 ovid.
1679 1154 1783 1189 'ri-ist.
1805 1153 1830 1186 1.
1854 1153 1884 1188 9.
1907 1154 1938 1185 5.

1557 1307 1817 1350 Maxim.(Gall.)
1827 1308 1983 1341 131.1.115.

1555 1465 1652 1497 Ovid.
1671 1465 1745 1497 Art.
1764 1464 1844 1496 Am.
1865 1464 1894 1496 3.
1910 1464 1982 1495 583.

1555 1543 1638 1578 Hor.
1661 1543 1770 1583 prt.
1791 1543 1817 1575 1.
1841 1541 1887 1576 18.
1911 1539 1966 1576 86.

1556 1713 1653 1745 Grat.
1665 1712 1784 1744 Falisc.
1808 1710 1895 1752 Cyn.
1909 1711 1986 1742 283:

1548 1791 1692 1823 Maxim.
1705 1788 1820 1830 (Gan.)
1828 1788 1879 1820 m.
1889 1789 1919 1820 2.
1930 1788 1981 1820 47.

1557 1868 1637 1900 Juv.
1661 1867 1728 1900 Sat.
1755 1867 1784 1899 9.
1809 1867 1881 1898 128.

1554 2100 1655 2133 ovid.
1678 2099 1759 2132 Met.
1783 2099 1813 2131 9.
1836 2099 1886 2130 30.

1551 2177 1652 2211 Ovid.
1668 2174 1750 2210 Ast.
1773 2177 1850 2209 Am.
1865 2177 1894 2208 2.
1910 2177 1982 2208 276.

1556 2269 1656 2302 Ovid.
1675 2269 1772 2302 Rem.
1794 2269 1868 2300 686.

1556 2347 1658 2380 Ovld.
1680 2347 1775 2379 Rem.
1798 2346 1870 2378 615.

1556 2426 1657 2465 Prop.
1679 2424 1732 2456 ΕΙ.
1754 2424 1796 2457 V.
1819 2424 1849 2456 5.
1872 2424 1923 2455 57.

1553 2580 1652 2612 Ovid.
1674 2579 1747 2612 Art.
1766 2579 1844 2611 Am.
1859 2579 1891 2614 2.
1907 2578 1980 2610 669.

1549 2735 1632 2767 Hor.
1655 2733 1725 2765 Sat.
1747 2734 1774 2768 1.
1797 2734 1827 2765 2.
1853 2733 1902 2765 24.

1551 2825 1635 2859 Hor.
1658 2825 1765 2865 Epist.
1787 2824 1830 2856 11.
1852 2823 1881 2854 3.
1905 2823 1979 2859 230.

1551 2900 1978 2942 Maxnn.((}a11.)1·:1.1.291.

1554 2979 1656 3019 Vei-g.
1679 2979 1767 3011 Aen.
1790 2978 1819 3010 1.
1841 2978 1914 3010 207.

1551 3056 1651 3096 Prop.
1675 3055 1725 3088 El.
1747 3056 1806 3088 111.
1830 3055 1880 3088 17.
1904 3055 1934 3091 9.

1553 3307 1634 3339 Hor.
1658 3307 1726 3339 Sat.
1749 3307 1774 3339 Ι.
1797 3305 1826 3339 3.
1848 3307 1899 3338 23.

1553 3385 1643 3417 Pers.
1666 3384 1736 3417 Sat.
1759 3383 1787 3415 8.
1811 3383 1863 3416 80.
