2164 3666
933 229 1284 273 -v—

69 370 73 371 ’
103 392 106 395 ·
175 377 270 426 aut
306 376 450 427 certe
496 389 529 424 a
573 370 898 424 discentium
954 377 1115 439 captu
1162 375 1218 422 et
1264 369 1545 422 intellectu
1594 386 1815 436 prorsus
1864 367 2042 420 aliena

175 458 321 511 sint?
358 455 486 524 quid
522 456 628 506 mir
639 473 746 515 um,
786 455 927 522 quod
964 472 1122 522 aegre
1159 454 1448 505 memoriae
1484 452 1812 504 mandentur
1848 458 1904 503 et
1928 458 2041 503 tam

181 542 288 594 cito
325 540 660 607 abjiciantur,
699 556 860 605 quam
885 538 1229 590 Leucotheae
1266 538 1406 590 vitta
1442 537 1499 587 in
1537 537 1735 588 fluetus
1761 535 2038 602 rejicieba-

179 633 291 687 tur,
319 624 412 677 ubi
447 623 506 674 in
542 623 658 690 ripa
696 623 816 689 quis
855 622 1201 674 constitisset.
1252 652 1323 658 —
1370 619 1616 671 Debetur
1660 619 1794 671 haee
1830 635 2041 686 quoque

178 725 345 777 puero
391 706 721 768 reverentia,
777 712 839 757 ut
875 705 1263 773 ‘grammaticis
1318 703 1582 770 exemplis
1638 720 1748 754 non
1804 702 2042 754 taedium

178 795 461 844 moveatur
497 796 552 842 et
589 796 904 856 torqueatur
940 789 1180 850 animus,
1220 787 1313 839 sed
1350 793 1412 838 ut
1448 787 1626 838 ala-tur
1662 793 1716 837 et
1753 786 2037 838 alliciatur.

178 875 300 928 Hoc
337 874 729 927 sententiarum
766 872 1019 924 facundia
1068 888 1427 937 versuumque
1474 870 1745 936 elegantia
1780 869 2039 920 facillime

180 957 540 1026 consequaris.
614 955 899 1024 Ejusmodi
937 956 1187 1022 exempla
1235 955 1447 1006 facilius
1496 954 1608 1010 fere
1654 954 2041 1020 percipiuntur,

179 1041 393 1095 fidelius
429 1046 709 1103 tenentur;
748 1040 858 1091 illis
895 1041 1049 1107 pueri
1086 1039 1303 1107 rythmo
1342 1039 1654 1097 assuefiunt,
1693 1043 2041 1089 revocantur-

179 1142 284 1194 que
319 1125 594 1178 interdum
643 1125 702 1175 in
755 1123 1071 1187 memoriam
1126 1141 1233 1183 res,
1284 1140 1421 1189 quae
1470 1121 1730 1173 oblivioni
1777 1121 2042 1172 obnoxiae

177 1215 296 1262 es'se
333 1209 526 1262 solent.
604 1207 666 1260 Si
703 1208 822 1275 quis
859 1225 994 1275 puer
1031 1207 1238 1259 didicit:
1278 1205 1572 1272 ,,“1.’1111110118
1611 1211 1716 1264 est,
1755 1221 2040 1256 numerare

174 1296 388 1362 pecus,“
422 1293 547 1360 ipso
583 1309 746 1344 versu
783 1292 1092 1366 monebitur
1129 1290 1455 1351 1111010800118,
1494 1307 1562 1340 110
1599 1287 1823 1355 pauperi
1847 1304 2036 1355 perpe-

176 1395 295 1430 ram
338 1393 435 1445 pro
480 1376 720 1444 genitivo
769 1382 975 1437 utatur,
1032 1376 1286 1442 quoniam
1331 1373 1465 1425 haec
1513 1373 1687 1424 forma
1730 1377 1904 1423 metro
1955 1388 2037 1422 re-

177 1466 399 1530 pugnat.
476 1459 636 1528 Cogit
672 1459 902 1526 denique
939 1477 1145 1518 versus,
1184 1465 1257 1520 ut,
1297 1475 1432 1524 quae
1460 1456 1754 1515 discuntur,
1794 1461 2041 1508 accurate

178 1543 479 1597 discantur:
528 1561 629 1596 nec
667 1544 777 1595 scio
815 1562 886 1595 au
924 1543 1127 1595 nullius
1176 1543 1252 1594 rei
1291 1541 1571 1609 principiis
1610 1540 1802 1591 fortius
1840 1540 1910 1589 sit
1947 1538 2039 1589 011-

179 1625 447 1693 standum,
484 1645 645 1695 quam
673 1627 966 1679 dissolutae
1005 1627 1062 1678 in
1100 1625 1353 1678 discendo
1392 1624 1767 1691 negligentiae.

346 1711 644 1764 Proverbia
680 1729 1012 1780 gnomasque
1051 1728 1214 1777 quum
1261 1708 1560 1775 antiquitus
1610 1714 1726 1758 tum
1764 1724 1938 1774 nuper
1974 1706 2039 1758 ab

178 1796 300 1848 aliis
338 1794 511 1848 e‘ditas
549 1812 666 1847 0880
711 1812 823 1847 11011
870 1797 1079 1863 ignore,
1126 1794 1653 1860 suppressissemque
1704 1808 1881 1851 meas,
1934 1790 2041 1841 nisi

179 1878 474 1941 crederem,
524 1878 742 1930 assidua
795 1886 1158 1946 perpetuaque
1204 1877 1434 1928 lectione
1479 1875 1679 1926 multas
1729 1875 2042 1925 etiamnunc

179 1980 249 2015 ex
284 1968 531 2016 veterum
568 1954 782 2030 scriptis
821 1963 937 2014 erui
984 1978 1157 2029 posse.
1234 1959 1386 2025 Quae
1424 1977 1591 2026 quum
1639 1964 1905 2009 nocturna
1941 1974 2041 2023 ego
2078 1975 2083 1981 ·

178 2046 477 2113 diurnaque
496 2063 662 2098 manu
687 2047 778 2098 diu
805 2046 1149 2106 versaverim,
1177 2044 1403 2110 contigit
1427 2042 1575 2104 mihi,
1603 2047 1665 2092 ut
1684 2041 1826 2092 intra
1846 2041 2038 2092 arctio-

178 2147 265 2182 res
302 2130 427 2182 libri
462 2130 569 2182 mei
605 2131 744 2181 fines
781 2130 953 2181 multo
990 2129 1173 2195 11111108
1220 2128 1542 2186 sententias,
1590 2142 1676 2176 1110
1719 2124 1904 2190 judice
1942 2141 2038 2175 no-

179 2213 388 2274 tabiles,
427 2212 584 2264 edere
621 2214 902 2280 potuerim,
941 2231 1102 2279 (11111111
1140 2219 1266 2263 ante
1303 2228 1390 2262 me
1428 2210 1530 2261 viri
1569 2208 1710 2259 docti
1737 2206 2036 2259 ediderunt.

179 2297 421 2349 Honoris
457 2313 619 2348 causa
656 2295 716 2347 O.
755 2296 820 2347 E.
864 2297 1104 2363 Georges
1141 2293 1541 2362 gnomologiam
1578 2290 1753 2353 laudo,
1792 2291 2036 2342 landavi-

39 2393 49 2407 ²
125 2416 127 2419 ι
181 2396 283 2446 que
308 2379 413 2431 alio
439 2379 576 2431 loco:
617 2378 711 2431 sed
749 2378 813 2432 de
851 2380 998 2432 hisce
1035 2380 1170 2431 meis
1206 2378 1356 2430 mille
1394 2383 1449 2428 et
1473 2376 1719 2427 ducentis
1754 2375 2040 2426 sententiis

180 2463 239 2514 in
276 2479 339 2514 eo
374 2462 512 2515 libro
550 2464 710 2515 tertia
747 2463 1119 2515 tantummodo
1156 2481 1281 2530 pars
1323 2461 1535 2527 legitur.
1610 2459 1787 2510 Multa
1825 2458 2040 2525 quidem

179 2546 543 2613 praetermisit
567 2546 632 2598 de
671 2548 915 2600 consilio:
954 2565 1065 2598 non
1101 2563 1272 2614 pauca
1297 2551 1480 2597 tamen
1505 2550 1846 2610 recepturum
1874 2542 2040 2593 fuisse

182 2628 353 2692 crede,
391 2629 437 2681 si
462 2629 520 2681 111
555 2637 772 2696 promtu
809 2631 1054 2684 fuissent.
1129 2629 1309 2696 Quare
1347 2628 1625 2680 nonnullis
1652 2627 1814 2677 etiam
1839 2625 2041 2677 hancce

181 2711 634 2781 dactyliothecam
681 2709 892 2782 gratam
940 2715 1053 2766 fore
1103 2713 1447 2781 speraverim.
1509 2742 1581 2748 -
1629 2709 1946 2762 Sententiae
1985 2727 2041 2759 o-

181 2813 337 2847 mnes
374 2812 444 2847 ex
473 2801 719 2849 veterum
757 2799 1079 2866 scriptorum
1115 2813 1451 2863 unoquoque,
1490 2794 1850 2846 recentiorum
1888 2792 2039 2843 nullo

181 2884 429 2931 accurate
466 2882 852 2948 transscriptae
891 2887 1020 2934 sunt
1055 2882 1156 2942 ita,
1194 2887 1256 2931 ut
1293 2879 1445 2931 nulla
1481 2895 1591 2929 non
1628 2895 1696 2928 ex
1734 2877 1850 2943 ipso
1891 2876 2038 2927 fonte

181 2963 504 3029 optimisque
541 2963 693 3016 libris
731 2966 803 3017 sit
839 2965 1142 3032 depromta,
1189 2963 1342 3015 nulla
1378 2980 1489 3013 non
1526 2962 1639 3013 suis
1687 2960 1892 3021 verbis,
1941 2976 2040 3011 nec

181 3045 480 3096 immutatis
519 3063 619 3098 nec
655 3047 995 3108 intermissis,
1034 3049 1106 3099 sit
1141 3048 1331 3114 posita..
1405 3046 1617 3097 Paucas
1670 3045 1855 3106 etiam,
1904 3060 2040 3109 quae

181 3145 278 3195 pro
315 3128 590 3181 veteribus
626 3130 812 3183 haberi
857 3132 1062 3192 solent,
1108 3131 1367 3196 adscripsi
1417 3129 1561 3189 11100,
1607 3134 1669 3179 ut
1716 3127 2040 3179 recentiores

183 3227 301 3262 esse
338 3221 608 3278 appare-it.
703 3214 764 3267 Si
813 3217 933 3283 quis
978 3216 1116 3266 forte
1164 3214 1306 3265 hane
1351 3213 1570 3263 illamve
1608 3217 1908 3262 memoratu
1947 3210 2042 3261 vix

184 3300 403 3368 dignam
438 3316 631 3364 meque
667 3299 991 3366 proverbiali
1029 3299 1205 3365 specie
1243 3297 1526 3361 deceptum
1564 3312 1681 3346 esse
1719 3294 1890 3354 dicat,
1929 3311 2040 3344 non

183 3390 268 3435 est
303 3381 444 3449 quod
480 3399 805 3452 magnopere
843 3382 1125 3448 obloquar;
1165 3382 1211 3432 si
1249 3381 1368 3446 quis
1406 3379 1546 3429 hanc
1584 3378 1803 3430 illamve
1829 3377 2037 3429 deside-
