2164 3666
286 323 296 333 .
314 323 324 334 .
341 323 352 333 .
367 289 555 333 Veniam
585 289 863 344 petimusque
901 289 1143 343 damusque
1175 287 1382 331 vicissim.
1581 299 1666 333 nor.
1690 298 1796 338 Epist.
1820 298 1861 330 11.
1888 298 1918 329 3.
1942 298 1992 329 11.

150 369 257 410 1165
289 401 299 410 .
321 400 330 410 .
349 400 359 410 .
374 366 583 410 Venienti
613 366 829 410 occurrite
859 367 1026 410 morbo,
1584 377 1675 407 Pers.
1699 375 1767 407 sat.
1791 376 1821 408 3.
1844 375 1894 407 64.

289 477 299 488 .
317 443 507 487 ..Venit
536 443 654 486 alma
683 444 816 499 salus,
849 443 926 487 sed
958 443 1097 486 limite
1129 442 1252 485 duro.
1583 452 1669 486 stat.
1693 452 1800 483 Theb.
1826 452 1874 483 10.
1900 453 1972 484 611.

284 520 419 565 Venit
447 525 549 575 post
578 520 739 564 multos
771 534 859 564 una
889 533 1046 564 serena
1076 519 1185 563 dies.
1583 530 1659 560 Tib.
1683 529 1735 560 131.
1758 530 1815 560 111.
1839 530 1868 559 6.
1893 529 1943 560 32.

283 598 509 642 Venturae
540 611 757 641 memores
780 597 874 653 jam
905 611 1021 641 nunc
1052 603 1193 641 estote
1224 603 1455 641 senectae:
1587 607 1686 638 ovid.
1711 606 1783 638 Art„
1800 606 1919 641 Am.3‚
1936 606 1987 638 59,

368 675 432 719 sic
462 674 632 719 nullum
665 675 788 718 vobis
819 681 994 730 tempus
1025 675 1166 717 abibit
1196 675 1329 718 iners.

284 752 388 798 dum
418 752 524 796 licet
553 758 598 795 et
628 765 785 796 vernos
816 753 1068 796 etiamnunc
1098 752 1229 796 editis
1259 765 1413 807 annos,

368 829 529 874 ludite:
561 835 667 873 eunt
698 830 801 872 anni
834 843 953 874 more
985 829 1163 874 fluentis
1196 842 1350 884 aquae.

284 921 379 964 nec,
409 919 522 963 quae
553 907 797 962 praeteriit,
828 908 988 951 iterum
1018 906 1297 952 revocabitur
1326 906 1465 961 unda3

367 998 463 1040 nec,
493 997 606 1039 quae
637 985 881 1040 praeteriit,
912 986 1023 1030 hora
1052 985 1197 1029 redire
1227 989 1387 1040 potest.

282 1062 494 1108 utendum
525 1068 592 1106 est
621 1068 786 1106 aetate:
818 1063 906 1106 cito
936 1062 1048 1118 pede
1079 1063 1243 1106 labitur
1273 1067 1409 1117 aetas,

368 1153 450 1185 nec
479 1139 598 1183 bona
627 1144 718 1183 tam
749 1141 961 1195 sequitur,
993 1154 1123 1195 quam
1155 1140 1272 1183 bona
1301 1139 1445 1195 prima
1475 1138 1569 1182 fuit.

206 1255 211 1259 .
282 1218 431 1263 Verba
459 1217 706 1273 puellarum
738 1216 856 1262 foliis
887 1218 1051 1261 leviora
1081 1217 1271 1261 caducis.
1585 1227 1685 1260 Ovid.
1703 1226 2009 1260 Amor.11.16.45.

147 1297 256 1342 1170
283 1296 521 1351 Verbaque
551 1295 772 1350 provisam
803 1309 895 1339 rem
927 1308 1014 1338 non
1046 1295 1184 1339 invita
1214 1300 1466 1350 sequentur.
1582 1306 1664 1338 Hor.
1687 1305 1795 1345 Epist.
1818 1305 1859 1336 11.
1883 1304 1915 1335 3.
1937 1304 2009 1342 311.

282 1373 389 1418 Veri
418 1385 518 1417 sera
547 1371 670 1416 fides.
1584 1383 1702 1415 cnud.
1726 1383 1758 1416 b.
1782 1382 1859 1414 Get.
1882 1382 1953 1413 534.

283 1450 497 1495 Versatur
526 1450 660 1494 celeri
690 1450 802 1494 Fors
834 1450 943 1494 levis
974 1451 1080 1494 orbe
1111 1455 1248 1494 rotae.
1590 1462 1667 1495 Tib.
1691 1461 1740 1492 Ει
1765 1461 1789 1492 1.
1813 1462 1842 1492 5.
1866 1461 1918 1492 70.

283 1527 498 1573 Versibus
529 1528 691 1583 exponi
722 1528 902 1583 tragicis
933 1541 1005 1571 res
1035 1528 1206 1572 comica
1233 1541 1320 1571 non
1352 1528 1457 1572 vult.
1589 1538 1670 1571 nor.
1694 1538 1801 1578 Epist.
1826 1538 1867 1570 11.
1891 1537 1919 1569 3.
1944 1538 1996 1569 so.

282 1606 510 1651 Vesanum
539 1605 739 1660 tetigisse
769 1606 927 1649 timent
958 1605 1216 1661 fugiuntque
1247 1611 1423 1660 poetam
1587 1617 1668 1649 Hor.
1691 1616 1797 1656 Epist.
1820 1616 1861 1648 11.
1885 1615 1915 1647 3.
1937 1612 2008 1647 433.

282 1684 357 1740 qui
388 1682 578 1739 sapiunt.

146 1762 254 1807 1175
282 1761 458 1805 Victrix
490 1772 624 1804 causa
654 1759 739 1804 diis
768 1760 949 1816 placuit,
980 1760 1058 1804 sed
1089 1761 1207 1804 victa
1237 1760 1407 1803 Catoni.
1580 1773 1709 1805 Lucan.
1733 1772 1850 1804 rum
1875 1771 1902 1802 1.
1927 1771 1999 1803 123.

287 1837 512 1884 ...Video
543 1837 727 1881 meliora
756 1838 981 1893 proboque
1014 1838 1094 1880 vid.
1129 1836 1214 1881 Sed
1245 1837 1395 1881 trahit.

282 1915 387 1961 Vidi
411 1914 504 1971 ,iam
529 1914 750 1971 juvenem,
781 1920 1001 1971 premeret
1031 1929 1164 1970 quum
1196 1915 1336 1959 serior
1365 1920 1502 1970 aetas,
1584 1927 1660 1958 Tib.
1682 1926 1733 1957 El.
1756 1926 1781 1958 1.
1802 1926 1833 1957 4.
1859 1926 1909 1957 ³3.

368 1997 640 2038 maerentem
671 1993 834 2037 stultos
861 1993 1147 2048 praeteriisse
1178 1992 1287 2037 dies.

282 2071 428 2115 Vilius
459 2075 689 2126 argentum
721 2075 789 2114 est
819 2083 939 2125 auro,
970 2071 1206 2114 virtutibus
1237 2084 1405 2114 aurum.
1585 2082 1668 2113 Hor.
1692 2081 1797 2121 Epist.
1820 2082 1846 2113 1.
1870 2082 1899 2116 1.
1922 2082 1973 2113 52.

281 2148 400 2193 Vina
429 2147 546 2192 diem
577 2148 820 2192 celebrent:
852 2162 940 2192 non
971 2148 1085 2192 festa
1114 2148 1210 2192 luce
1241 2147 1419 2192 madere
1581 2160 1656 2192 Tib.
1681 2159 1795 2192 1:111.
1820 2159 1915 2190 123.

370 2230 438 2269 est
467 2225 617 2279 rubor,
648 2230 847 2270 errantes
877 2232 922 2269 et
952 2225 1068 2270 male
1098 2225 1213 2270 ferre
1243 2225 1393 2281 pedes.

282 2303 401 2347 Vina
430 2308 592 2358 parant
622 2303 791 2346 animos
822 2302 1076 2358 faciuntque
1109 2303 1329 2347 caloribus
1360 2309 1502 2359 aptos,
1583 2313 1682 2346 Ovid.
1703 2313 1776 2345 Art„
1796 2314 1874 2346 Am.
1890 2314 1920 2348 1.
1937 2314 2008 2345 237.

367 2393 474 2423 cura
503 2378 618 2434 fugit
647 2380 785 2424 multo
816 2379 1087 2436 diluiturque
1119 2394 1251 2425 mero.

88 2507 90 2509 ,
147 2461 256 2504 1180
282 2457 423 2501 Vince
453 2457 624 2501 animos
654 2457 851 2512 iramque
883 2463 1016 2513 tuam,
1048 2458 1123 2513 qui
1154 2464 1302 2502 cetera
1331 2458 1482 2503 vincis.
1584 2468 1684 2500 ond.
1708 2468 1788 2502 ner.
1812 2469 1841 2500 3.
1864 2469 1915 2499 85.

246 2570 249 2572 .
282 2534 472 2579 Vincere
503 2547 636 2590 quum
666 2535 823 2590 possis,
855 2534 1073 2579 interdum
1105 2534 1211 2579 cede
1242 2535 1397 2580 sodali.
1583 2547 1684 2578 mon.
1708 2546 1783 2580 eat.
1800 2547 1887 2578 mat.
1912 2546 2007 2578 ιω.

282 2612 531 2656 Vincuntur
560 2612 683 2656 molli
713 2618 895 2668 pectora
924 2612 1035 2656 dura
1063 2626 1206 2668 prece.
1586 2624 1661 2655 Tib.
1684 2623 1734 2655 Ει.
1758 2624 1815 2655 111.
1837 2624 1869 2658 4.
1894 2625 1943 2654 76.

287 2688 579 2734 ...Vindicta
607 2689 748 2734 Nemo
779 2690 918 2746 magis
948 2690 1110 2745 gaudet
1140 2703 1270 2745 quam
1302 2690 1478 2734 femina.
1583 2701 1663 2733 auv.
1687 2701 1756 2733 sat.
1780 2701 1830 2732 13.
1855 2701 1927 2732 191.

284 2766 401 2811 Vino
430 2766 573 2810 forma
602 2767 729 2822 perit,
760 2767 860 2810 vino
891 2767 1186 2823 corrumpitur
1216 2773 1351 2812 aetas.
1578 2778 1678 2819 Prop.
1702 2779 1752 2813 m.
1777 2779 1836 2814 111.
1860 2779 1910 2810 33.
1934 2779 1984 2810 33.
2053 2793 2055 2795 -

145 2846 254 2888 1185
282 2842 365 2888 Vir
394 2844 536 2888 bonus
566 2849 611 2887 et
640 2844 834 2900 prudens
865 2844 952 2888 dici
984 2844 1179 2889 delector
1208 2858 1288 2900 ego
1319 2859 1370 2889 ac
1400 2850 1460 2889 tu.
1576 2857 1658 2889 nor.
1681 2856 1787 2896 Epist.
1810 2857 1835 2890 1.
1860 2858 1909 2888 ιε.
1932 2857 1984 2889 32.

285 2955 323 2966 ..
341 2956 350 2966 .
366 2921 561 2966 Virescit
589 2922 768 2967 vulnere
798 2922 950 2966 virtus.
1580 2934 1670 2974 (Aul.
1695 2933 1778 2966 Gen.
1801 2934 1851 2965 18.
1875 2934 1940 2973 11.)

285 3033 295 3043 .
315 3033 324 3043 .
342 3032 352 3043 .
368 2999 501 3043 Vires
530 2999 714 3054 instigat
744 2999 911 3055 alitque
1579 3012 1663 3044 sut.
1687 3012 1769 3044 snv.
1791 3012 1849 3045 Ν.
1871 3013 1902 3044 4.
1931 3013 1982 3044 33.

283 3075 547 3132 tempestiva
576 3076 724 3132 quies:
755 3076 895 3132 major
923 3082 1024 3132 post
1054 3077 1145 3120 otia
1174 3077 1326 3120 virtus.

283 3152 437 3197 Virtus
453 3157 523 3199 est
552 3153 745 3198 medium
774 3153 980 3198 vitiorum
1011 3159 1055 3198 et
1083 3153 1304 3209 utrimque
1321 3154 1564 3198 reductum.
1581 3167 1663 3199 nor.
1693 3167 1800 3207 Epist„
1823 3168 1848 3199 1.
1880 3166 1930 3198 18.
1953 3166 1983 3198 a.

284 3230 439 3275 Virtus
470 3235 539 3276 est
567 3230 722 3275 vitium
751 3231 903 3287 fugere
936 3232 1016 3275 vid.
1047 3230 1240 3275 Invidus.

282 3306 436 3352 Virtus
465 3312 567 3364 post
596 3321 798 3353 nummos
830 3309 910 3353 vid.
942 3308 979 3353 Ο
1009 3308 1138 3353 cives.
1184 3314 1196 3325 ¹·
