2164 3666
157 559 240 600 365

154 1103 239 1144 370

150 2267 234 2310 375

150 2963 236 3004 380

271 325 461 370 Romani
491 326 618 382 pueri
648 325 792 381 longis
821 326 1071 371 rationibus
1103 339 1248 371 assem

271 403 447 447 diseunt
477 404 523 447 in
553 409 704 459 partes
735 409 910 447 centum
942 403 1163 448 diducere.

272 480 560 524 Grammatici
591 486 763 524 certant
793 486 837 524 et
868 481 1013 525 adhuc
1044 482 1124 525 sub
1149 481 1300 536 judice
1331 482 1386 526 lis
1417 489 1497 527 est.
1599 496 1682 529 nor.
1705 497 1813 537 Epist.
1836 498 1877 531 11.
1901 498 1929 529 8.
1953 499 2006 530 78.

273 592 281 601 .
300 592 310 600 .
329 592 338 601 .
357 557 536 602 Grande
567 558 711 602 dolori
1603 573 1703 606 Ovid.
1725 574 1808 607 Met.
1831 575 1861 606 6.
1883 575 1957 607 573.

270 635 497 690 ingenium
528 641 608 691 est,
640 636 902 691 miserisque
932 636 1053 680 venit
1083 636 1282 680 sollertia
1311 637 1458 681 rebus.

271 711 448 756 Grande
478 727 585 757 voco
617 714 823 757 meritum
853 720 1050 758 moestae
1081 715 1243 758 solatia
1272 716 1446 759 mentis.
1605 728 1916 764 Ovid.ex1²011t.11.
1931 732 2028 764 11.11.

271 789 411 833 Grata
441 791 721 846 superveniet
751 792 832 834 vid.
865 790 1051 835 Omnem
1082 792 1213 835 crede
1245 792 1375 836 diem.

271 866 451 911 Gratior
481 874 549 911 est
579 868 765 912 modicis
796 869 1029 913 haustibus
1059 869 1179 912 unda
1209 870 1297 913 siti.
1600 884 1703 918 Rutu.
1725 884 1808 918 Iun.
1831 885 1861 916 2.
1883 884 1913 915 8.

270 944 450 989 Gratior
481 951 524 989 et
553 946 739 1013 pulchrp
770 946 951 990 veniens
981 947 1028 989 in
1059 959 1242 1002 corpore
1273 947 1426 991 virtus,
1598 961 1715 1000 Vergl.
1737 961 1824 996 Aen.
1849 962 1877 993 5.
1902 962 1974 995 344.

270 1023 451 1067 Gratius
482 1036 537 1066 ex
567 1023 665 1078 ipso
695 1022 816 1066 fonte
847 1024 1060 1067 bibuntur
1090 1037 1245 1079 aquae.
1603 1037 2028 1070 Ovid.exPont.m.5.18.

269 1100 454 1144 Gratum
487 1106 566 1156 est,
599 1101 716 1155 quod
745 1102 917 1156 patriae
948 1102 1087 1145 civem
1117 1103 1369 1158 populoque
1399 1102 1576 1159 dedisti,
1596 1117 1676 1149 Juv.
1698 1116 1768 1150 Sat.
1786 1117 1834 1148 14.
1858 1116 1910 1149 70.

270 1179 308 1222 si
339 1179 449 1222 facis
480 1184 528 1221 ut
558 1179 731 1234 patriae
763 1179 821 1222 sit
850 1179 1049 1234 idoneus,
1080 1180 1204 1223 utilis
1235 1181 1367 1235 agris,

267 1255 423 1299 utililis
455 1262 500 1299 et
529 1257 746 1300 bellorum
778 1262 822 1300 et
851 1257 975 1312 pacis
1005 1258 1138 1304 rebus
1170 1258 1379 1312 agendis;

267 1334 504 1389 plurimum
514 1334 630 1378 enim
639 1334 1015 1390 intererit‚quibus
1028 1335 1198 1378 artibus
1208 1341 1251 1379 et
1260 1336 1418 1390 quibus
1427 1336 1544 1379 hunc
1554 1340 1603 1379 tu

268 1411 465 1455 moribus
495 1412 718 1456 instituas.

269 1489 475 1533 ...Grex
505 1494 623 1533 totus
653 1490 700 1533 in
731 1490 849 1545 agris
1603 1505 1684 1537 συν.
1707 1505 1776 1537 sat
1799 1505 1828 1536 2.
1851 1505 1905 1539 79.

268 1568 398 1611 unius
429 1567 578 1611 scabie
610 1567 731 1611 cadit
761 1573 806 1611 et
834 1567 1060 1623 porrigine
1090 1569 1214 1624 porci

266 1658 437 1699 uvaque
469 1650 708 1700 conspecta
737 1645 921 1688 livorem
952 1645 1074 1689 ducit
1104 1647 1160 1689 ab
1191 1660 1288 1690 uva.

267 1722 407 1766 Gutta
436 1728 564 1766 cavat
593 1722 801 1778 lapidem,
833 1723 1105 1767 consumitur
1135 1725 1324 1768 annulus
1354 1737 1451 1780 usu,
1601 1736 2024 1770 ovid.exront.1v.1o.5.

352 1805 397 1843 et
426 1800 587 1843 teritur
615 1813 771 1855 pressa
800 1813 952 1843 vomer
982 1800 1179 1845 aduncus
1209 1802 1357 1846 humo.

267 1876 406 1921 Gutta
435 1883 562 1921 cavat
593 1878 786 1934 lapidem
816 1891 903 1921 non
934 1877 977 1921 vi
1008 1878 1086 1922 sed
1116 1892 1249 1934 saepe
1280 1879 1492 1923 cadendo.
1797 1891 1812 1923 2

267 2060 277 2070 ·
296 2001 551 2077 ··Habent
581 2046 662 2076 sua
691 2032 784 2077 fata
813 2032 954 2076 libelli
985 2034 1066 2077 vid.
1099 2034 1185 2077 Pro
1217 2040 1362 2090 captu.

267 2145 276 2154 .
297 2144 305 2154 .
324 2145 334 2154 .
351 2110 448 2154 Hac
478 2115 606 2165 urget
635 2110 779 2166 lupus,
811 2110 896 2153 hac
927 2111 1063 2166 canis,
1096 2111 1233 2166 ajunt.
1602 2126 1684 2158 Hor.
1707 2125 1776 2158 Sat.
1798 2126 1840 2158 11.
1862 2126 1892 2157 2.
1915 2125 1965 2156 64.

265 2189 389 2232 Haec
411 2201 510 2231 mea
538 2187 700 2230 militia
730 2193 815 2231 est:
847 2188 1038 2242 gerimus
1059 2202 1172 2243 quae
1192 2202 1427 2244 possumus
1444 2202 1579 2233 arma.
1597 2203 1696 2235 omi.
1720 2204 1812 2235 Fast.
1835 2204 1864 2235 2.
1887 2203 1916 2235 9.

264 2265 387 2309 Haec
397 2265 843 2321 placuit-semel,haec
854 2265 1682 2323 deciesrepetitaplacebit(poesis).}10r.
1705 2281 1813 2321 Epist.
1834 2281 1876 2312 11.
1899 2281 1928 2315 3.
1953 2281 2026 2312 365.

265 2343 395 2387 Haud
427 2343 558 2386 facile
590 2348 831 2398 emergunt,
864 2356 1047 2398 quorum
1080 2345 1316 2388 virtutibus
1348 2345 1495 2389 obstat
1594 2359 1676 2393 Juv.
1698 2358 1768 2393 sat.
1793 2358 1917 2390 3164.

264 2434 336 2464 res
368 2426 556 2475 angusta
587 2420 718 2464 domi.

267 2531 275 2540 .
295 2531 304 2541 .
323 2531 333 2541 .
350 2498 482 2540 Haud
512 2498 605 2541 ulla
635 2498 786 2541 carina
817 2499 1070 2542 Consenuit.
1598 2514 1698 2552 Prop.
1722 2513 1771 2544 El.
1795 2513 1853 2545 Ν.
1876 2514 1904 2544 7.
1929 2514 1978 2545 35.

264 2574 394 2619 Haud
426 2576 540 2618 ullas
571 2576 770 2630 portabis
801 2589 907 2631 opes
938 2576 1206 2620 Acherontis
1238 2576 1294 2619 ad
1325 2576 1479 2632 undas,
1596 2590 1905 2630 Prop.E1.1V.6.
1931 2591 1979 2622 13.

349 2652 492 2696 nudus
523 2653 580 2696 ad
611 2652 819 2708 infernas,
851 2653 999 2708 stulte,
1029 2653 1188 2697 vehere
1219 2660 1350 2697 rates.

265 2720 462 2785 ...Πρω
492 2730 704 2784 Fortuna,
736 2730 833 2785 quis
865 2737 932 2774 est
963 2731 1183 2774 crudelior
1213 2731 1258 2775 in
1290 2745 1370 2775 nos
1599 2746 1681 2778 nor.
1704 2745 1773 2777 Sat.
1796 2746 1839 2780 11.
1862 2747 1892 2777 8.
1915 2746 1964 2778 ει.

265 2812 308 2850 te
341 2807 481 2851 deus?
540 2807 600 2851 Ut
630 2821 805 2863 sempor
835 2808 1001 2863 gaudes
1032 2808 1219 2853 illudere
1251 2809 1384 2853 rebus

264 2884 493 2927 humanis!

266 2961 379 3016 Heu,
411 2962 557 3016 patior
588 2962 687 3005 telis
719 2962 901 3006 vulnera
931 2963 1050 3006 faeta
1080 2964 1209 3007 meis!
1598 2977 1698 3009 ovid.
1722 2977 1800 3010 Her.
1825 2978 1853 3009 2.
1876 2978 1927 3009 48.
1953 2996 1955 2998 -

264 3038 376 3094 Heu,
409 3052 539 3094 quam
572 3039 752 3082 difficile
785 3045 852 3083 est
884 3040 1047 3083 crimen
1078 3054 1165 3083 non
1197 3041 1383 3096 prodere
1414 3041 1556 3084 vultu!
1584 3030 1697 3086 —ovia
1721 3054 1801 3086 Met.
1824 3055 1853 3085 2.
1874 3055 1947 3086 447.

264 3115 376 3171 Heu,
408 3122 619 3171 quantum
651 3131 729 3171 per
760 3130 807 3160 se
839 3116 1029 3160 candida
1058 3117 1199 3161 forma
1228 3118 1363 3162 valet!
1595 3132 1685 3172 Prop
1718 3132 1769 3166 Ει.
1793 3132 1852 3166 111.
1875 3132 1925 3163 29.
1949 3132 1999 3163 30.

264 3193 377 3248 Heu,
410 3206 509 3237 sero
539 3199 771 3237 revocatur
801 3206 924 3237 amor
955 3207 1140 3249 seroque
1165 3195 1361 3250 juventa,
1596 3209 1746 3240 ’1Ὶ1).ΕΙ.
1770 3209 1794 3240 1.
1816 3209 1845 3239 8.
1870 3209 1921 3239 41.

351 3284 484 3326 quum
515 3276 639 3314 vetus
671 3269 824 3313 infecit
855 3283 967 3315 cana
997 3277 1177 3315 senecta
1207 3279 1351 3329 caput.

265 3348 349 3390 llic
381 3347 502 3392 fossa
531 3353 598 3391 est
628 3348 796 3402 ingens,
827 3347 900 3392 hic
931 3361 1063 3403 rupes
1094 3349 1304 3403 maxima3
1337 3351 1483 3394 serva!
1602 3363 1679 3393 nor.
1704 3363 1772 3394 sm.
1796 3362 1836 3393 11.
1861 3361 1889 3393 3.
1911 3362 1964 3393 49.
