2164 3666
160 576 243 617 995

133 1056 242 1097 1000

131 1698 239 1740 1005

274 339 440 384 Saevus
470 338 609 383 Amor
639 338 789 383 docuit
818 338 990 383 validos
1019 343 1194 383 tentare
1226 338 1414 383 dolores.
1578 352 1655 384 Tib.
1677 352 1731 384 El.
1753 353 1814 385 111.
1836 353 1866 385 4.
1888 353 1940 385 65.

275 417 526 472 ...Sapere
557 417 670 461 aude
701 418 784 461 vid.
816 416 1078 460 Dimidium.

277 494 479 539 ...Satis
510 499 578 538 est
608 494 802 549 equitem
832 494 943 537 mihi
972 493 1198 550 plaudere.
1576 508 1657 540 Hor.
1681 507 1789 540 sau.
1802 507 1852 539 10.
1865 507 2005 548 76.(84)

277 608 285 617 .
305 608 314 617 .
333 607 343 617 .
361 573 479 616 Satis
510 577 578 616 est
606 572 783 628 populis
813 570 1060 627 fluviusque
1091 571 1326 626 Ceresque.
1578 585 1706 617 Lucan.
1729 586 1848 618 Phara.
1869 586 1901 618 4.
1924 585 1998 633 381.

275 649 454 694 Scilicet
485 654 554 694 est
584 649 769 705 cupidus
801 650 1047 694 studiorum
1076 651 1262 705 quisque
1293 663 1485 694 suorum.
1580 663 1679 695 ovid.
1692 672 1735 695 ex
1758 635 2008 700 Pont.1.5‚35{

274 727 454 771 Scilicet
483 727 556 771 hic
586 728 702 771 vitae
730 726 846 783 finis,
878 727 954 782 qui
982 726 1083 770 finis
1113 726 1331 770 honorum
1363 731 1443 771 est.
1578 741 1940 780 ...meg.‹1.fort.v10.
1953 740 2006 775 63.

274 804 454 849 Scilicet
482 805 530 848 in
559 804 714 860 vulgus
744 810 927 848 manant
957 805 1162 859 exempla
1190 810 1433 860 regentum.
1578 818 1695 850 claud.
1717 818 1791 850 stu.
1817 819 1846 850 1.
1869 819 1942 850 168.

274 882 454 926 Scilicet
482 888 531 925 ut
561 882 728 926 fulvum
759 887 986 937 spectatur
1014 882 1060 925 in
1090 882 1266 937 ignibus
1297 895 1464 938 aurum,
1580 894 1681 928 Ovid.
1704 896 1809 931 Trist.
1830 895 1856 928 L
1879 896 1909 928 5.
1931 896 1984 930 25.

357 965 558 1015 tempore
590 960 653 1003 sic
684 959 795 1004 duro
828 966 896 1003 est
925 959 1203 1016 inspicienda
1230 959 1354 1004 fides.

273 1052 451 1097 Scilicet
480 1065 663 1095 uxorem
695 1065 794 1095 cum
825 1052 928 1096 dote
958 1051 1177 1106 fidemque
1209 1057 1253 1095 et
1283 1051 1448 1095 amicos
1577 1065 1662 1100 Hor.
1684 1060 1792 1111 Epist}
1814 1065 1840 1098 1.
1863 1065 1894 1097 6.
1917 1065 1968 1097 36.

272 1136 316 1174 et
347 1143 484 1185 genus
517 1135 560 1174 et
589 1129 777 1173 formam
807 1130 961 1185 regina
989 1129 1186 1173 Pecunia
1216 1129 1365 1185 donat,

273 1223 324 1253 ac
355 1209 468 1252 bene
499 1213 774 1251 nummatum
806 1207 986 1251 decorat
1018 1207 1209 1251 Suadela
1237 1208 1490 1262 Venusque.

273 1286 500 1330 Scinditur
529 1286 746 1329 incertum
778 1286 925 1329 studia
954 1285 1001 1328 in
1032 1285 1255 1329 contraria
1284 1285 1452 1340 vulgus.
1575 1298 1680 1338 verg.
1702 1298 1790 1333 Aen.
1813 1299 1844 1331 2.
1867 1299 1920 1334 39.

271 1364 393 1408 Scire
425 1363 594 1419 aliquid
624 1364 721 1407 laus
753 1369 832 1419 est,
865 1363 995 1418 culpa
1026 1367 1093 1407 est
1122 1363 1186 1406 nil
1217 1362 1386 1406 discere
1417 1362 1544 1406 velle.
1574 1376 1679 1408 Dion.
1703 1375 1776 1408 eat.
1798 1377 1885 1408 nist.
1908 1377 1938 1408 4.
1954 1376 2005 1408 29.

273 1442 395 1486 Scire
426 1447 551 1485 tuum
582 1441 696 1484 nihil
727 1446 796 1485 est
825 1442 907 1483 vicl.
940 1440 976 1485 0
1008 1454 1166 1484 mores.

272 1527 364 1570 Scit
394 1526 506 1569 bene
537 1530 731 1581 venator,
764 1525 904 1569 cervis
933 1525 1011 1569 ubi
1039 1525 1154 1568 retia
1182 1524 1350 1568 tendat.
1580 1536 1682 1570 Ovid.
1699 1537 1864 1572 ArnAm.
1887 1539 1917 1570 1.
1932 1539 1983 1570 45.

271 1603 503 1648 Scribendi
533 1609 653 1646 recte
685 1616 841 1658 sapere
873 1608 941 1647 est
972 1608 1016 1646 et
1044 1602 1314 1658 principium
1344 1606 1388 1645 et
1417 1600 1529 1645 fons.
1579 1616 1662 1648 Hor.
1685 1615 1792 1656 Epist„
1814 1617 1857 1648 11.
1880 1616 1910 1648 3.
1933 1616 2005 1648 309.

272 1695 548 1739 Scribentem
571 1695 698 1750 juvat
726 1695 823 1750 ipse
854 1695 979 1739 favor
1008 1694 1255 1749 minuitque
1285 1693 1497 1737 laborem.
1576 1707 1677 1740 ovid.
1693 1708 1795 1740 Pont.
1817 1707 1875 1739 m.
1900 1707 1931 1739 9.
1951 1707 2006 1739 21.

271 1773 358 1817 Sed
389 1778 511 1817 caret
541 1778 702 1817 eventu
731 1773 894 1816 nimius
924 1771 1067 1816 furor:
1098 1771 1302 1828 improba
1330 1783 1556 1826 nunquam
1577 1785 1695 1820 claud.
1718 1785 1753 1818 b.
1776 1784 1852 1818 Get.
1875 1785 1926 1816 72.

271 1865 373 1907 spes
404 1851 572 1894 laetata
603 1850 694 1894 diu.

271 1928 359 1972 Sed
390 1928 697 1984 convivatoris,
728 1927 793 1970 uti
825 1926 964 1983 ducis,
995 1927 1221 1982 ingenium
1251 1939 1323 1970 res
1580 1940 1662 1972 nor.
1685 1939 1755 1972 Sat.
1778 1940 1872 1974 11..8.
1895 1941 1946 1972 73.

270 2006 482 2051 adversae
511 2005 680 2049 nudare
711 2005 868 2060 solent,
900 2005 1044 2048 celare
1076 2003 1310 2048 secundae.

269 2084 356 2128 Sed
387 2083 585 2139 fulgente
615 2074 767 2126 trahit'
787 2083 1050 2126 constrictos
1082 2081 1236 2125 Gloria
1265 2093 1397 2124 curru
1579 2095 1663 2130 Hor.
1687 2095 1756 2128 sat.
1780 2095 1806 2129 1.
1829 2094 1861 2129 6.
1884 2094 1937 2129 23.

193 2171 203 2179 ·
266 2177 355 2206 non
384 2162 531 2205 minus
562 2161 737 2216 ignotos
769 2161 1008 2215 generosis.

127 2414 236 2454 1010

129 3143 236 3183 1015

267 2240 507 2295 Seditione‚
540 2239 668 2293 dolis,
701 2239 868 2282 scelere
900 2244 1032 2293 atque
1062 2237 1249 2281 libidine
1280 2242 1324 2280 et
1354 2236 1422 2279 ira
1571 2249 1654 2282 Hor.
1684 2250 1792 2290 Epist.
1816 2250 1841 2282 1.
1873 2250 1980 2282 21⁶.

267 2318 428 2361 Iliacos
460 2318 577 2360 intra
607 2330 755 2360 muros
787 2321 998 2372 peccatur
1029 2321 1074 2358 et
1105 2320 1244 2359 extra.

267 2410 353 2454 Sed
370 2411 553 2453 nimium
571 2422 785 2465 properas
806 2415 850 2452 et
867 2407 1012 2451 adhuc
1022 2413 1100 2450 tua
1113 2405 1478 2450 messisinherba
1488 2410 1672 2450 estem.
1697 2418 1777 2453 Her.
1802 2419 1852 2452 17.
1875 2419 1948 2454 263.

266 2488 439 2532 ...Sed
469 2488 593 2530 nulla
622 2486 824 2542 potentia
853 2486 987 2541 longa
1018 2491 1098 2529 est.
1577 2497 1677 2529 ovid.
1700 2497 1782 2529 Met.
1805 2498 1834 2528 2.
1858 2497 1932 2532 416.

268 2565 439 2610 ...Sed
471 2578 622 2609 omnes
652 2577 741 2607 una
770 2569 919 2607 manet
949 2576 1050 2606 nox.
1576 2575 1660 2609 Hor.
1685 2574 1798 2606 earm.
1821 2575 1838 2606 1
1868 2574 1918 2605 28.
1943 2574 1996 2609 16.

267 2650 311 2688 et
341 2642 554 2687 calcanda
584 2642 720 2686 semel
750 2641 822 2684 via
851 2641 943 2684 leti.

267 2736 354 2780 Sed
384 2748 586 2791 propera,
618 2747 699 2777 nec
729 2739 773 2777 te
803 2738 1011 2776 venturas
1042 2731 1171 2775 differ
1200 2732 1246 2775 in
1275 2731 1429 2775 horas:
1573 2743 1671 2777 ovid.
1695 2744 1790 2776 Rem.
1817 2744 1868 2778 03.

353 2813 429 2869 qui
461 2826 548 2856 non
582 2817 649 2856 est
680 2811 828 2866 hodie,
861 2823 959 2854 cras
990 2810 1135 2854 minus
1166 2814 1297 2865 aptus
1328 2808 1425 2852 erit.

267 2891 352 2935 Sed
376 2904 507 2945 quam
539 2903 696 2933 caecus
727 2889 843 2932 inest
872 2888 992 2931 vitiis
1023 2889 1164 2931 amor!
1196 2899 1324 2931 omne
1355 2886 1552 2929 futurum
1573 2897 2002 2938 claudian.1·:utrop.2.5o.

268 2969 511 3023 despicitur
542 2967 816 3021 suadentque
847 2966 1024 3009 brevem
1056 2964 1311 3020 praesentia
1340 2963 1546 3019 fructum,

269 3053 313 3090 et
342 3047 431 3089 ruit
462 3046 507 3088 in
537 3045 722 3087 vetitum
754 3043 903 3086 damni
935 3056 1092 3087 secura
1122 3042 1275 3086 libido.

269 3138 354 3182 Sed
377 3138 481 3192 quia
502 3150 675 3191 semper
696 3148 811 3190 aves,
830 3134 946 3189 quod
964 3135 1102 3189 abest,
1123 3134 1378 3189 praesentia
1398 3133 1708 3187 temnis,Lueret.
1732 3144 1763 3176 d.
1782 3153 1807 3176 r.
1820 3153 1854 3177 n.
1876 3143 1905 3175 8.
1927 3143 2000 3174 969.

269 3216 531 3271 imperfecta
560 3215 641 3256 tibi
674 3214 826 3268 elapsa
855 3219 923 3256 est
954 3213 1213 3267 ingrataque
1244 3212 1347 3254 vita.

269 3292 356 3336 Sed
377 3293 451 3347 qui
473 3306 601 3346 quam
625 3291 768 3346 potuit
790 3290 866 3333 dat
887 3290 1091 3344 maxima,
1113 3294 1264 3343 gratus
1281 3287 1454 3331 abunde
1473 3293 1551 3331 est.
1572 3299 1999 3337 Ovld.ex1‘ont.1v.8.37.

270 3405 279 3414 .
298 3370 440 3414 ..Sed
473 3370 588 3424 quod
620 3368 759 3423 magis
791 3368 846 3411 ad
878 3381 958 3410 nos
1192 3412 1196 3417 ,
1573 3378 1653 3409 nor.
1678 3377 1747 3409 Sat.
1771 3377 1812 3408 11.
1834 3376 1866 3408 6.
1887 3376 1940 3408 72.
