2164 3666
187 296 274 340 760
301 293 485 340 Omnem
515 291 645 338 crede
675 291 792 337 diem
820 293 903 337 tibi
933 292 1146 337 diluxisse
1176 304 1447 347 supremum:

299 378 427 429 grata
455 371 735 428 superveniet
764 383 876 426 quae
905 383 993 415 non
1023 370 1275 426 sperabitur
1303 370 1426 413 hora.

299 449 463 494 Omnes
492 449 708 492 humanos
738 454 867 492 sanat
895 447 1116 492 medicina
1145 447 1343 491 dolores:

376 527 496 571 solus
526 539 649 570 amor
678 525 819 569 morbi
847 538 937 569 non
967 530 1087 569 amat
1107 524 1340 568 artificem.

246 617 251 619 ·
290 604 431 649 Omne
461 604 603 648 solum
633 603 737 646 forti
766 603 914 658 patria
943 608 1024 658 est,
1056 607 1106 645 ut
1135 602 1333 658 piscibus
1365 616 1541 657 aequor.

290 682 430 727 Omne
460 693 778 737 supervacuum
806 680 940 736 pleno
970 680 1024 724 de
1055 687 1235 735 pectore
1270 686 1431 723 manat.

291 793 302 804 .
320 793 330 803 .
349 758 526 803 .Omnes
555 772 644 803 una
672 763 822 802 manet
850 771 939 801 nox
968 759 1050 800 vid.
1082 757 1169 801 Sed
1199 771 1365 801 omnes.

291 835 430 880 Omne
458 836 563 880 tulit
591 841 815 892 punctum,
846 835 921 890 qui
950 835 1126 879 miscuit
1154 835 1263 878 utile
1294 835 1423 878 dulci.

177 915 260 957 765
291 913 463 969 Omnia,
493 913 661 968 Castor,
697 913 826 966 emis;
859 912 922 956 sic
951 911 1045 966 fiet,
1077 917 1125 954 ut
1155 913 1303 956 omnia
1332 913 1511 957 vendas.

290 991 449 1035 Omnia
477 990 676 1035 conando
706 989 861 1034 docilis
890 989 1088 1034 sollertia
1116 989 1233 1033 vicit.

290 1067 450 1112 Omnia
478 1067 711 1112 deficiunt:
742 1067 915 1111 animus
943 1072 1092 1110 tamen
1122 1068 1270 1111 omnia
1307 1068 1456 1111 vincit.

290 1144 450 1189 Omnia
478 1146 595 1189 enim
625 1144 774 1189 stolidi
810 1144 948 1199 magis
984 1144 1259 1188 admirantur
1291 1151 1541 1200 amantque,

289 1223 475 1267 inversis
520 1236 632 1278 quae
684 1222 766 1267 sub
796 1222 941 1266 verbis
971 1222 1195 1266 latitantia
1224 1229 1422 1266 cernunt.

290 1300 450 1345 Omnia
482 1299 569 1344 fert
612 1305 748 1344 aetas.

177 1378 262 1422 770
291 1412 302 1423 .
320 1411 331 1422 .
348 1377 522 1422 .Omnia
550 1390 721 1432 graece,

290 1468 423 1512 quum
454 1455 513 1499 sit
541 1461 670 1510 turpe
701 1455 841 1510 magis
871 1455 1039 1499 nostris
1075 1455 1247 1499 nescire
1279 1455 1426 1499 latine.

290 1532 450 1576 Omnia
483 1545 600 1576 mors
636 1538 808 1587 aequat.
936 1522 943 1530 ’

290 1609 449 1654 Omnia
477 1623 595 1654 mors
625 1610 779 1665 poscit.
838 1609 935 1653 Lex
970 1617 1050 1666 est,
1082 1624 1169 1653 non
1199 1623 1354 1666 poena,
1390 1610 1547 1665 perire.

363 1688 436 1731 hic
467 1687 615 1742 aliquo
646 1687 833 1731 mundus
863 1693 1062 1743 tempore
1094 1687 1242 1731 nullus
1274 1688 1372 1731 erit.

289 1765 448 1810 Omnia
476 1771 714 1819 mutantur,
744 1764 808 1807 nil
847 1765 1018 1808 interit.

290 1842 449 1887 Omnia
477 1849 578 1898 post
608 1842 775 1885 obitum
806 1841 938 1896 fingit
972 1842 1140 1897 majora
1170 1848 1376 1886 vetustas.

178 1922 262 1965 775
294 1919 467 1976 Omnia,
498 1933 611 1976 quae
642 1932 775 1964 sensu
804 1919 1037 1962 volvuntur
1066 1926 1168 1963 vota
1197 1920 1369 1975 diurno,

375 2002 553 2053 pectore
584 1997 728 2052 sopito
758 1996 905 2040 reddit
937 1998 1080 2040 amica
1111 1998 1249 2052 quies.

292 2074 542 2120 ...Omnia
570 2074 737 2118 Romae
769 2074 876 2118 Cum
908 2075 1064 2130 pretio.

291 2152 451 2197 Omnia
481 2158 584 2196 sunt
614 2152 840 2195 hominum
871 2153 994 2195 tenui
1025 2152 1261 2207 pendentia
1293 2152 1379 2207 filo,

375 2237 419 2274 et
449 2230 594 2274 subito
626 2243 744 2284 casu,
776 2242 888 2284 quae
919 2230 1108 2285 valuere,
1139 2238 1284 2274 ruunt.

291 2307 451 2351 Omnia
479 2307 614 2351 vincit
644 2308 801 2350 Amor:
833 2314 877 2350 et
907 2320 987 2350 nos
1018 2307 1224 2351 cedamus
1255 2308 1421 2351 Amori.

291 2385 505 2429 Omnibus
536 2390 602 2428 est
634 2384 788 2428 eadem
818 2384 896 2427 leti
927 2385 1008 2428 via.

176 2464 261 2507 780
291 2462 503 2506 Omnibus
534 2462 617 2506 hoc
647 2463 799 2506 vitium
830 2468 897 2505 est
927 2463 1194 2518 cantoribus,
1224 2463 1340 2507 inter
1371 2464 1534 2507 amicos

290 2546 339 2583 ut
367 2553 590 2595 nunquam
621 2539 832 2583 inducant
862 2539 1054 2582 animum
1087 2547 1265 2584 cantare
1295 2541 1454 2595 rogati,

290 2617 447 2673 injussi
476 2630 699 2672 nunquam
731 2616 960 2660 desistant.

295 2693 447 2739 Omnis
479 2695 615 2738 babet
645 2707 725 2738 sua
755 2694 872 2737 dona
903 2694 1011 2738 dies.

292 2805 302 2815 .
321 2806 330 2815 .
349 2770 413 2815 ,Ο
444 2773 607 2815 mores!
638 2785 776 2826 usque
807 2771 976 2814 adeone

290 2849 403 2892 scire
434 2854 556 2892 tuum
586 2849 696 2892 nihil
728 2854 809 2903 est,
839 2849 925 2892 nisi
956 2854 1001 2892 te
1033 2850 1147 2892 scire
1178 2849 1261 2892 hoc
1293 2851 1403 2893 sciat
1435 2850 1579 2893 alter?

291 2924 328 2968 Ο
358 2925 492 2970 nullis
521 2932 664 2969 tutum
696 2926 875 2970 credere
906 2926 1148 2970 blanditiis.

1627 305 1709 337 nor:
1727 304 1835 345 Epist.
1863 304 1888 338 1.
1903 306 1932 337 4.
1950 304 2001 337 13.

1628 461 1727 499 Prop.
1750 460 1802 495 Ει.
1826 461 1867 492 11.
1891 461 1919 491 1.
1943 461 1992 492 57.

1629 615 1730 649 Ovid.
1756 616 1845 647 Fast.
1868 619 1895 651 1.
1917 617 1994 647 493.

1623 693 1705 728 Hor.
1728 693 1836 733 Epist.
1859 694 1899 725 11.
1924 694 1955 728 3.
1979 694 2051 725 337.

1624 848 1706 879 Hor.
1729 847 1834 888 Epist.
1859 849 1898 880 n.
1922 848 1951 878 3.
1975 849 2054 882 343.

1622 925 1723 957 Mart.
1746 926 1864 965 Epigr.
1876 926 1951 958 vu.
1963 927 2013 957 98.
2026 929 2051 960 1.

1629 1003 1746 1035 Manil.
1770 1003 1908 1035 Astron.
1933 1004 1963 1035 1.
1986 1004 2036 1035 93.

1630 1079 1731 1114 Ovid.
1741 1089 1785 1112 ex
1796 1081 1895 1115 Pont.
1907 1081 1948 1112 11.
1958 1082 1986 1112 7.
1998 1082 2050 1115 75.

1628 1158 1762 1189 Lueret.
1785 1158 1816 1190 d.
1837 1168 1860 1191 r.
1875 1168 1908 1192 n.
1930 1162 1954 1193 1.
1977 1160 2050 1190 635.

1627 1313 1727 1353 Verg.
1750 1314 1820 1346 Ecl.
1857 1314 1888 1348 9.
1911 1315 1963 1348 51.

1619 1391 1699 1422 Juv.
1722 1390 1793 1425 Sat.
1816 1392 1847 1421 6.
1872 1392 1942 1423 187.

1622 1545 1743 1578 Claud.
1753 1546 1774 1577 d
1794 1555 1819 1578 r.
1832 1547 1925 1581 Pron.
1935 1549 1965 1579 2.
1977 1549 2048 1582 302.

1622 1624 1704 1663 (Seu
1715 1623 1743 1662 1²)
1755 1624 1797 1656 de
1807 1626 1894 1665 qual.
1906 1628 2009 1665 temp.
2021 1627 2048 1658 7.

1627 1777 1726 1809 Ovld.
1750 1779 1830 1812 Met.
1856 1782 1903 1812 15.
1929 1782 2000 1813 165.

1626 1856 1724 1895 Prop.
1749 1856 1799 1888 El.
1822 1859 1878 1889 IV.
1905 1860 1931 1890 1.
1955 1861 2005 1893 ‘28-

1625 1934 1741 1965 Claud.
1762 1935 1891 1967 Honor.
1906 1937 1952 1968 lv
1964 1937 2029 1975 ρει]
2039 1962 2047 1971 .

1627 2088 1706 2119 Juv.
1730 2088 1802 2121 Sat.
1826 2091 1854 2121 3.
1880 2091 1949 2122 183.

1626 2165 1725 2199 Ovld.
1736 2175 1779 2198 ex
1795 2168 1894 2202 Pont.
1909 2169 2049 2200 utana

1622 2321 1722 2361 Vei-g.
1748 2322 1816 2354 Ecl.
1845 2323 1893 2353 10.
1917 2323 1967 2354 69.

1622 2399 1763 2430 Maxim.
1776 2400 1891 2439 (Gall.)
1908 2400 1957 2431 El.
1971 2402 2000 2430 6.
2016 2402 2054 2431 5.

1626 2476 1707 2508 Hor.
1732 2477 1800 2509 Sat.
1825 2479 1848 2509 1.
1873 2476 1900 2507 3.
1927 2464 1963 2508 1.-

1624 2708 1723 2739 Mart.
1734 2709 1944 2748 Epignvnl.
1959 2711 2007 2741 78.
2019 2711 2046 2740 7.

1622 2786 1710 2817 Pers.
1734 2786 1802 2817 Snt.
1827 2788 1855 2820 1.
1880 2787 1929 2817 26.

1621 2940 1720 2979 I’rop.
1744 2940 1794 2971 ΕΙ.
1819 2941 1841 2972 l.
1866 2944 1913 2975 15.
1936 2943 1986 2973 42³.

291 3002 502 3058 Opprime
529 3003 631 3046 dum
662 3017 775 3047 nova
805 3010 905 3047 sunt
935 3004 1069 3047 subiti
1102 3004 1218 3047 mala
1248 3005 1417 3048 semina
1447 3005 1601 3048 morbi.
1619 3017 1720 3048 Ovm.
1744 3019 1837 3049 Rem.
1862 3019 1912 3049 si.

179 3081 261 3123 785
292 3078 430 3135 Optat
459 3081 671 3136 ephippia
699 3081 780 3124 bos
810 3081 947 3136 piger,
979 3086 1103 3135 optat
1133 3094 1259 3124 arare
1291 3082 1502 3125 caballus.

289 3155 467 3212 Optima
496 3157 640 3212 prima
669 3157 761 3201 fere
792 3158 994 3202 manibus
1025 3159 1258 3213 rapiuntur
1288 3159 1444 3202 avaris.

290 3232 469 3288 Optima
498 3247 696 3290 quaeque
727 3235 822 3279 (lies
853 3235 1026 3278 miseris
1057 3236 1317 3279 mortalibus
1348 3237 1443 3279 aevi

293 3310 438 3365 prima
468 3310 592 3366 fugit.

1626 3095 1708 3126 Hor.
1731 3095 1838 3134 Epist.
1862 3096 1886 3127 1.
1912 3097 1959 3127 14.
1982 3097 2035 3131 43,

1617 3171 1716 3203 Ovld.
1736 3173 1852 3204 Amor.
1877 3174 1917 3204 11.
1940 3174 1969 3204 6.
1993 3174 2044 3207 39,

1624 3249 1724 3287 Verg.
1749 3249 1872 3287 Georg.
1897 3250 1925 3280 3.
1949 3251 2003 3281 66.

1689 3392 1708 3420 ὁ
