2164 3666
859 164 1271 236 *46--5

267 315 568 371 ...Suprema
603 314 803 370 pericula
833 326 1007 370 semper
1035 313 1156 357 Dant
1184 313 1359 357 veniam
1389 312 1687 369 culpae.claud.
1713 323 1857 364 Eun-op.
1879 325 1910 356 2.
1927 325 2000 356 5⁹6.

264 469 450 544 Tabida
485 497 705 541 consumit
738 497 903 540 ferrum
938 496 1219 552 lapidemque
1254 500 1465 551 vetustas,
1572 507 2003 543 ovid.expont.1v.8.49.

348 576 558 630 nullaque
589 588 662 619 res
693 574 834 630 majus
864 579 1064 630 tempore
1094 574 1231 617 robur
1251 573 1400 618 habet.

266 653 377 697 Tam
407 659 562 697 teneor
591 637 706 696 dono
738 665 870 707 quam
901 653 939 696 si
969 653 1168 696 dimittar
1198 656 1397 696 onustus.
1573 664 1656 696 Hor.
1680 662 1789 703 Epist.
1813 663 1839 694 1.
1863 662 1892 694 7.
1915 662 1967 694 18.

125 746 233 786 1090
263 743 432 788 Tantae
463 744 592 788 molis
623 748 719 787 erat
748 744 994 788 Romanam
1024 744 1213 788 condere
1242 747 1430 798 gentem.
1563 757 1665 796 verg.
1686 754 1772 787 Aen.
1797 754 1826 786 1.
1850 754 1902 786 33.

266 821 582 865 ...Tantaene
613 821 772 865 animis
804 822 1070 865 coelestibus
1101 821 1227 864 irae?
1575 834 1679 873 verg.
1702 832 1789 864 Aen.
1813 832 1843 863 1.
1867 831 1918 862 11.

266 898 459 941 Tantum
489 912 544 942 ne
575 912 752 954 noceas,
784 899 888 942 dum
919 899 985 943 vis
1020 898 1244 954 prodesse,
1276 896 1436 941 videto.
1573 910 1674 942 ovid.
1697 910 1800 941 Trist.
1823 909 1905 945 1.1.,
1928 908 1999 940 101.

265 976 602 1020 ...Tantumne
634 976 719 1020 sibi
751 976 849 1031 quis
878 991 1010 1032 posse
1042 976 1229 1031 videtur,
1572 987 1671 1020 Ovid.
1694 987 1777 1021 Met.
1801 985 1926 1018 11428.

263 1053 357 1097 fata
387 1067 562 1109 quoque
593 1059 642 1096 ut
674 1055 888 1109 superet?

265 1131 416 1175 Tarda
446 1131 558 1175 solet
588 1132 760 1187 magnis
790 1132 923 1176 rebus
953 1132 1100 1175 inesse
1134 1130 1257 1175 fides.
1577 1142 1677 1175 ovid.
1700 1142 1780 1174 Her.
1803 1141 1854 1175 17.
1880 1141 1951 1172 130.

125 1225 232 1267 1095
266 1223 432 1266 Tecum
461 1223 637 1267 habita:
668 1224 790 1267 noris
821 1237 953 1278 quam
989 1224 1046 1267 sit
1076 1223 1158 1267 tibi
1180 1228 1308 1267 curta
1337 1223 1552 1279 supellex.
1570 1212 1662 1267 Pers.
1686 1233 1756 1266 Sat.
1778 1234 1812 1266 4.
1834 1233 1887 1264 52.

265 1300 486 1356 Tempora
514 1301 726 1344 labuntur
753 1301 991 1356 tacitisque
1023 1301 1294 1345 senescimus
1325 1301 1475 1356 annis,
1577 1312 1679 1346 ovid.
1703 1311 1796 1344 Fast.
1818 1311 1850 1345 6.
1873 1311 1936 1345 ⁵771.

350 1383 394 1421 et
424 1377 601 1433 fugiunt
630 1377 755 1421 freno
791 1392 880 1421 non
908 1383 1158 1422 remorante
1190 1379 1298 1422 dies.

266 1455 487 1511 Tempora
516 1461 744 1499 mutantur
773 1462 818 1499 et
848 1469 928 1499 nos
959 1461 1181 1499 mutamur
1211 1456 1257 1498 in
1287 1457 1389 1501 illis.
1780 1466 1795 1496 ?

265 1533 487 1588 Tempora
516 1547 572 1577 ne
603 1534 755 1589 culpes
786 1547 920 1588 quum
952 1534 1013 1577 sis
1043 1534 1126 1577 tibi
1157 1546 1293 1577 causa
1323 1533 1503 1577 doloris.
1575 1545 1680 1578 Dion.
1705 1543 1876 1576 CatDist.
1898 1542 1996 1574 230.

268 1611 486 1666 Tempore
522 1611 730 1655 difficiles
761 1598 950 1655 veniunt
977 1610 1034 1654 ad
1065 1615 1215 1654 aratra
1238 1610 1428 1666 juvenci,
1573 1622 1672 1654 oviu-
1696 1621 1770 1652 Art.
1792 1620 1871 1652 Am.
1887 1619 2002 1654 1.471.

349 1695 548 1744 tempore
581 1689 703 1732 lenta
733 1690 827 1744 pati
863 1689 991 1732 frena
1021 1688 1236 1733 docentur
1266 1688 1381 1743 equi.

267 1766 484 1822 Tempore
517 1766 767 1810 Poenorum
799 1767 1094 1822 compescitur
1127 1767 1196 1810 ira
1226 1766 1419 1810 leonum.
1572 1777 1671 1809 ovid.
1698 1777 1802 1811 Trist.
1824 1775 1883 1808 lv.
1907 1775 1937 1806 6.
1961 1775 1992 1806 5.

128 1860 238 1902 1100
268 1858 562 1914 Temporibus
603 1858 769 1902 servire
805 1857 944 1901 decet.
1571 1868 1771 1903 ...Pamad
1790 1868 1857 1900 Pis.
1874 1866 1949 1901 143.

266 1935 497 1990 Temporis
515 1949 586 1979 ars
598 1935 818 1979 medicina
828 1935 919 1979 fere
937 1941 1005 1979 est
1017 1951 1025 1978 :
1039 1936 1145 1979 data
1161 1941 1358 1991 tempore
1374 1940 1561 1990 prosunt
1571 1946 1673 1979 Ovid.
1695 1946 1792 1978 Rem.
1814 1947 1878 1980 131.

351 2019 395 2056 et
426 2013 531 2057 data
559 2027 648 2056 non
679 2019 783 2069 apto
818 2020 1016 2068 tempore
1048 2014 1151 2057 vina
1186 2018 1348 2058 nocent

268 2091 462 2146 Tempus
495 2091 610 2135 edax
639 2105 800 2146 rerum,
832 2096 967 2146 tuque
998 2091 1217 2136 invidiosa
1246 2096 1457 2146 vetustas,
1574 2102 1675 2135 Ovid.
1699 2101 1781 2135 Met.
1805 2103 1852 2136 15.
1875 2101 1948 2135 284.

267 2168 415 2212 omnia
445 2169 688 2225 destruitis,
719 2169 962 2224 vitiataque
995 2168 1206 2212 dentibus
1236 2169 1333 2212 aevi
1962 2168 1967 2175 '

264 2246 480 2301 paulatim
511 2247 634 2290 lenta
673 2247 931 2290 consumitis
963 2247 1112 2290 omnia
1142 2252 1297 2290 morte.

268 2358 277 2366 .
297 2358 306 2366 .
325 2358 334 2367 .
354 2324 541 2379 Teneas,
573 2324 860 2379 Damasippe,
891 2325 981 2368 tuis
1012 2330 1069 2368 te.
1573 2334 1657 2366 Hor.
1680 2333 1750 2366 Sat.
1773 2333 1816 2365 11.
1838 2333 1870 2368 4.
1893 2332 1968 2368 324.

267 2436 276 2444 .
296 2436 305 2444 .
325 2436 334 2444 .
354 2402 496 2445 Tenet
532 2401 782 2446 insanabile
818 2402 980 2446 multos
1576 2412 1661 2444 συν.
1684 2412 1754 2444 sat.
1778 2412 1806 2443 7.
1829 2412 1880 2446 ω.

269 2479 495 2523 scribendi
528 2479 762 2523 cacoethes
794 2484 838 2523 et
869 2492 1000 2534 aegro
1035 2480 1081 2522 in
1112 2478 1244 2523 corde
1276 2478 1478 2523 senescit.

128 2566 235 2606 1105
269 2563 408 2607 Terra
440 2564 580 2608 malos
611 2565 814 2607 homines
845 2577 961 2607 nunc
992 2563 1152 2607 educat
1182 2569 1315 2619 atque
1345 2563 1544 2618 pusillos.
1575 2574 1657 2607 συν.
1681 2574 1750 2605 sat.
1773 2575 1822 2607 15.
1845 2573 1894 2606 70.

267 2641 407 2685 Terra
437 2642 655 2686 salutares
686 2642 848 2686 herbas
884 2641 1126 2696 eademque
1162 2646 1372 2685 nocentes
1572 2651 1671 2684 ovid.
1694 2651 1789 2683 Rem.
1813 2650 1863 2682 45.

344 2720 490 2763 nutrit
521 2727 566 2763 et
595 2720 763 2763 urticae
794 2720 999 2775 proxima
1034 2732 1166 2775 saepe
1197 2732 1300 2763 rosa
1331 2723 1411 2762 est.

269 2797 479 2841 Terretur
510 2798 691 2841 minimo
723 2811 895 2852 pennae
927 2797 1116 2841 stridore
1148 2796 1353 2840 columba
1572 2807 1672 2839 Ovid.
1697 2807 1799 2839 Trist.
1823 2806 1851 2839 1.
1875 2806 1906 2840 1.
1929 2805 1978 2836 75.

350 2875 585 2930 unguibus,
617 2875 842 2930 accipiter,
874 2875 1025 2919 saucia
1056 2875 1175 2918 facta
1203 2874 1306 2918 tuis.

267 2953 392 2996 Tolle
424 2966 587 2996 moras:
621 2966 794 3007 semper
824 2953 974 2996 nocuit
1004 2952 1183 2996 differre
1213 2951 1395 3007 paratis.
1568 2963 1698 2994 Lucan.
1722 2961 1838 2993 Phara.
1863 2961 1891 2992 1.
1914 2962 1988 2994 281.

269 3064 277 3073 .
298 3064 306 3073 .
326 3064 334 3073 .
354 3030 479 3074 Tolle
514 3030 741 3085 periclum,
1575 3040 1657 3072 nor.
1681 3039 1750 3071 sat.
1772 3040 1815 3071 11.
1838 3039 1866 3070 7.
1891 3039 1940 3070 73.

260 3107 355 3162 jam
386 3121 498 3162 vaga
526 3107 731 3163 prosiliet
762 3107 898 3150 frenis
935 3114 1097 3151 natura
1125 3108 1320 3151 remotis.

133 3188 243 3230 1110
274 3185 419 3228 Torva
440 3185 597 3229 leaena
617 3185 768 3241 lupum
801 3186 1013 3240 sequitur,
1035 3186 1164 3241 lupus
1196 3186 1291 3240 ipse
1313 3183 1542 3239 capellam.
1576 3194 1770 3235 Verg.1·301.
1809 3195 1840 3230 2.
1863 3194 1915 3229 64.

269 3262 384 3306 Tota
414 3262 519 3307 licet
548 3267 720 3307 veteres
752 3268 966 3307 exornent
996 3262 1190 3318 undique
1221 3275 1350 3306 cerae
1575 3274 1656 3306 συν.
1679 3272 1752 3305 sat.
1776 3247 1805 3304 ὲ.
1830 3273 1879 3304 19.

269 3340 396 3396 atria,
427 3340 638 3384 nobilitas
671 3340 767 3384 sola
797 3345 866 3384 est
897 3345 1030 3395 atque
1061 3339 1194 3383 unica
1232 3339 1386 3383 virtus.
