2164 3666
246 311 483 366 ...Neque
515 312 632 355 enim
662 312 735 355 lex
766 312 949 366 aequior
981 312 1073 356 ulla
1103 317 1184 367 est,
1585 326 1691 359 Ovid..
1703 326 1776 358 Art.
1793 325 1872 359 Am.
1886 328 1915 359 1.
1931 328 2005 360 655.

330 402 461 443 quam
493 389 614 433 necis
646 389 839 433 artifices
870 390 1143 449 arte-perire
1174 404 1265 434 sua.

247 500 255 509 .
276 501 284 509 .
310 501 318 509 .
336 466 403 510 Ne
446 467 551 521 quid
581 467 727 510 nimis.
1645 482 1738 521 Sept.
1759 482 1836 522 Sap.
1859 483 1951 514 Sent.
1973 483 2003 517 7.

243 544 310 587 Ne
343 544 440 598 quis
470 544 678 588 humasse
708 545 814 587 velit
844 544 1040 601 Ajacem,
1071 545 1246 601 Atrida,
1276 551 1403 590 vet-as
1434 547 1544 590 cur?
1573 560 1655 592 Hor.
1679 560 1747 592 Sat.
1771 560 1812 592 11.
1836 559 1866 590 3.
1890 561 1961 592 187.

242 621 368 676 „Rex
399 622 544 665 sum!“
575 620 650 664 Nil
680 622 799 666 ultra
829 636 993 677 quaero
1023 623 1237 679 plebejus.

241 698 404 742 Nescia
434 713 557 743 mens
588 699 817 742 hominum
847 699 928 744 fati
959 701 1179 757 sortisque
1210 701 1399 757 futurae,
1571 715 1675 755 Verg.
1698 714 1785 746 Aen.
1810 713 1860 749 10.
1884 714 1959 750 501.

243 783 287 819 et
318 790 495 821 servare
526 776 705 820 modum
735 777 867 821 rebus
900 778 1076 821 sublata
1107 779 1327 822 secundis.

128 857 212 897 640
243 854 405 898 Nescio
437 867 525 909 qua
554 855 703 898 natale
735 855 878 899 solum
909 854 1143 899 dulcedine
1174 862 1358 901 cunctos
1549 887 1552 889 -
1577 870 1738 903 Ovi‹1.ex
1759 869 1934 904 Puncta.
1951 871 2003 902 35.

327 932 449 975 ducit
480 936 523 975 et
552 932 832 976 immemores
863 946 953 976 non
984 934 1090 976 sinit
1121 948 1217 978 esse
1249 935 1330 979 sui.

240 1009 398 1052 Nescis
430 1009 536 1063 quid
567 998 727 1065 vesper
754 1024 879 1055 serus
909 1011 1054 1055 vehat.
1574 1025 1684 1057 Varro
1697 1034 1752 1064 ap.
1768 1024 1948 1060 A.G011.13.
1959 1027 2001 1060 11.

242 1086 395 1130 Nescit
416 1100 540 1130 amor
570 1088 741 1143 magnis
773 1089 929 1132 cedere
961 1089 1140 1133 divitiis.
1578 1103 1678 1142 rrop.
1703 1103 1753 1134 ΕΙ.
1776 1103 1801 1134 1.
1826 1103 1874 1138 14.¹
1894 1104 1924 1135 8.

239 1165 395 1208 Nescit
424 1178 548 1208 amor
576 1166 738 1221 priscis
770 1166 927 1210 cedere
958 1166 1225 1222 imaginibus
1259 1168 1341 1211 vicl.
1365 1167 1460 1211 Nee
1477 1167 1575 1212 tibi.

243 1277 251 1286 .
272 1277 281 1286 .
301 1242 483 1286 ‚Nescit
512 1256 597 1286 vox
627 1243 763 1287 missa
792 1245 967 1288 reverti.
1575 1258 1657 1289 Hor.
1680 1257 1787 1297 Epist..
1810 1258 1852 1290 11.
1875 1260 1906 1293 3.
1928 1260 2002 1293 390.

242 1320 354 1375 Neu,
387 1334 504 1376 cave,
537 1321 763 1377 defendas,
796 1322 994 1377 quamvis
1024 1322 1282 1367 mordebere
1314 1322 1457 1379 dictis,
1578 1335 1679 1368 Ovid.
1703 1336 1804 1368 Trist.
1827 1337 1852 1368 1.
1876 1337 1905 1368 1.
1928 1337 1979 1371 25.

326 1412 460 1442 causa
488 1395 736 1454 patrocinio
766 1412 856 1443 non
886 1400 1004 1444 bona
1033 1399 1158 1455 pejor
1188 1401 1288 1445 erit.

126 1478 208 1518 645
239 1476 361 1520 Neve
391 1482 520 1532 putes
552 1477 688 1520 alium
725 1477 926 1532 sapiente
957 1478 1161 1534 bonoque
1191 1479 1371 1523 beatum
1571 1492 1653 1524 nor.
1676 1491 1783 1531 Epist.
1806 1492 1831 1524 1.
1855 1492 1905 1523 16.
1928 1493 1978 1524 20.

243 1554 403 1598 ...Nil
435 1560 502 1598 est
532 1560 639 1610 toto,
671 1554 788 1610 quod
818 1560 1002 1612 perstet,
1033 1556 1080 1599 in
1111 1557 1230 1600 orbe.
1574 1569 1674 1602 Ovid.
1698 1569 1780 1604 Met..
1805 1570 1854 1601 15.
1879 1569 1951 1603 177.

239 1632 314 1688 Nil
337 1638 484 1676 actum
516 1632 715 1689 eredens,
748 1646 881 1688 quum
904 1633 1009 1689 quid
1031 1639 1283 1690 superesset
1305 1634 1537 1690 agendum,
1573 1648 1702 1681 Lucan.
1726 1648 1845 1682 rhars.
1873 1648 1904 1682 2.
1926 1648 2000 1682 657.

241 1711 379 1754 instat
410 1716 550 1755 atrox.

239 1788 315 1832 Nil
347 1788 460 1832 adeo
491 1788 670 1832 fortuna
700 1788 847 1844 gravis
878 1788 1132 1834 miserabile
1162 1790 1282 1846 feeit,
1578 1802 1999 1837 ovid.ex1‘0nt.1v.4.5.

324 1872 372 1910 ut
402 1866 605 1910 minuant
635 1867 758 1910 nulla
788 1866 951 1922 gaudia
980 1873 1108 1923 parte
1139 1869 1316 1912 malum.
1861 1927 1863 1929 Ι

238 1944 312 1987 Nil
345 1944 556 1988 admirari
586 1958 725 2000 prope
755 1958 826 1988 res
858 1950 926 1989 est
955 1959 1056 2001 una,
1086 1946 1277 2002 Numici,
1577 1960 1660 1994 Hor.
1684 1959 1791 1999 Epist.
1813 1958 1840 1991 1.
1866 1959 1896 1990 6.
1920 1959 1949 1991 1.

240 2023 439 2078 solaque,
472 2036 584 2077 quae
615 2023 757 2078 possit
787 2022 934 2066 facere
967 2029 1010 2067 et
1041 2037 1216 2069 servare
1246 2025 1439 2069 beatum.
1545 2021 1549 2025 ⁴
1774 2076 1777 2078 ,

127 2103 210 2143 650
240 2100 315 2143 Nil
347 2101 517 2156 agimus
549 2114 637 2144 non
668 2106 825 2155 sponte
856 2100 941 2145 dei.
1573 2105 1702 2148 Lucan.
1727 2116 1851 2147 phars.
1873 2115 1902 2146 9.
1927 2115 1999 2146 573.

239 2178 314 2221 Nil
346 2178 437 2233 agit
468 2179 731 2234 exemplum,
763 2178 886 2222 litem
918 2179 1035 2234 quod
1065 2180 1144 2224 lite
1175 2181 1369 2225 resolvit.
1572 2173 1737 2226 110rssat.
1760 2193 1804 2227 11.
1827 2194 1859 2227 3.
1883 2193 1954 2224 103.
2016 2167 2018 2169 ’

240 2256 399 2300 ...Nil
431 2256 716 2300 assuetudine
747 2256 901 2311 majus.
1576 2272 1677 2304 ovid.
1690 2271 1763 2305 Art.
1779 2270 1856 2303 Am.
1879 2272 1909 2302 2.
1926 2270 1997 2303 345.

237 2334 311 2377 Nil
335 2334 661 2389 desperandum
683 2335 855 2378 Teucro
887 2334 998 2379 duee
1021 2341 1064 2379 et
1086 2337 1265 2392 auspice
1289 2336 1474 2380 Teucro.
1570 2351 1655 2385 110r.
1680 2350 1793 2382 earm.
1817 2350 1842 2382 1.
1867 2350 1894 2381 7.
1917 2350 1968 2381 27.

237 2412 311 2455 Nil
343 2412 464 2456 dictu
495 2412 672 2456 foedum
703 2413 886 2468 visuque
918 2413 1028 2457 haee
1060 2414 1214 2460 limina
1244 2420 1410 2471 tangat,
1569 2430 1647 2462 Juv.
1672 2428 1889 2460 sat.14.44.

238 2490 356 2534 intra
387 2503 500 2545 quae
531 2504 641 2545 puer
673 2496 752 2534 est.

123 2571 204 2611 655
237 2568 311 2611 Nil
343 2581 423 2623 ego
455 2568 717 2612 contulerim
742 2568 939 2623 jucundo
971 2583 1104 2614 sanus
1136 2571 1291 2614 amico.
1568 2583 1924 2618 1101-.sat.1.5.55.

238 2645 339 2701 „Nil
371 2659 473 2701 ergo
506 2647 723 2701 optabunt
753 2647 955 2691 homines
968 2647 1016 2690 ?“
1049 2648 1086 2691 si
1119 2648 1353 2692 eonsilium
1385 2647 1463 2701 vis,
1569 2662 1819 2697 Juv.sat.10.
1843 2662 1916 2697 846.

236 2724 467 2779 permittes
499 2724 607 2779 ipsis
639 2724 890 2779 expendere
922 2725 1189 2781 numinibus,
1222 2726 1328 2781 quid

236 2802 469 2845 conveniat
498 2802 627 2845 nobis
658 2802 879 2857 rebusque
911 2803 969 2846 sit
999 2804 1107 2847 utile
1138 2804 1322 2856 nostris3

236 2893 337 2922 nam
368 2893 447 2934 pro
472 2878 683 2934 jucundis
714 2880 944 2934 aptissima
975 2895 1176 2936 quaeque
1207 2881 1375 2925 dabunt
1405 2882 1462 2925 di.

237 2958 379 3000 carior
410 2963 477 3001 est
507 2957 595 3001 illis
627 2957 772 3014 homo,
805 2972 935 3013 quam
968 2959 1065 3003 sibi.
1127 2959 1219 3005 Nos
1251 2959 1497 3003 animorum

235 3036 428 3090 impulsu
459 3040 502 3078 et
533 3048 666 3079 caeca
697 3049 941 3092 magnaque
974 3037 1180 3092 cupidine
1212 3037 1332 3081 ducti

235 3113 486 3169 eonjugium
517 3113 708 3169 petimus
738 3120 1001 3170 partumque
1033 3115 1209 3159 uxoris:
1241 3121 1287 3159 at
1317 3115 1406 3160 illis

235 3197 401 3246 notum,
435 3191 509 3246 qui
540 3192 666 3246 pueri
699 3192 930 3247 qualisque
962 3192 1112 3237 futura
1142 3194 1200 3237 sit
1229 3206 1353 3237 uxor.

235 3268 309 3312 Nil
342 3269 426 3312 erit
457 3269 665 3326 ulterius,
689 3269 805 3325 quod
835 3271 1000 3315 nostris
1032 3271 1228 3316 moribus
1259 3270 1396 3316 addat
1565 3285 1646 3318 συν.
1670 3285 1738 3316 sat.
1762 3285 1791 3316 1.
1815 3285 1887 3316 147.

234 3346 486 3401 posteritas.
