2164 3666
912 168 1305 217 —2‚-

294 317 406 362 dura
434 317 490 360 ad
521 330 649 373 opem
678 315 877 361 Fortuna
904 322 1045 361 vocat.
1104 317 1218 361 Nam
1248 317 1368 361 laeta
1396 318 1544 362 fovere

289 394 630 449 haudquaquam
646 393 793 448 magni
809 399 878 438 est
892 393 1027 437 animi
1043 393 1198 455 decus:
1220 394 1308 438 huc
1323 407 1416 450 age,
1433 393 1598 438 adeste.

287 470 356 515 Ite
383 470 539 527 procul
567 469 725 514 durum
755 483 887 514 curae
915 483 1066 527 genus,
1095 459 1156 515 ite
1186 472 1373 516 labores.

289 652 299 662 -
317 652 328 662 ·
346 652 355 662 ·
374 593 419 671 J
421 638 492 669 am
521 624 694 669 felicior
723 629 845 669 aetas

1616 486 1692 519 Tib.
1715 485 1766 517 ΕΙ.
1788 486 1846 517 ΙΠ.
1869 486 1898 516 8.
1922 486 1951 516 7.

1616 639 1715 672 ovid.
1739 640 1821 672 Met
1844 642 1892 674 14.
1915 642 1982 674 142·

287 706 414 758 terga
441 701 576 757 dedit,
607 702 881 757 tremuloque
911 701 1052 758 gradu
1081 702 1201 747 venit
1230 715 1364 758 aegra
1393 708 1612 759 senectus,

286 792 399 834 quae
427 778 638 835 patienda
666 778 743 822 diu
773 784 853 823 est.

286 855 401 900 Jane
431 855 527 900 face
557 861 761 900 aeternos
791 870 945 912 pacem
977 857 1187 912 pacisque
1218 857 1455 902 ministros.

286 932 470 988 Jejunus
500 947 601 978 raro
632 933 886 978 stomachus
917 935 1116 990 vulgaria
1144 935 1313 979 temnit.

173 1010 261 1055 470
288 1009 446 1055 Judice
476 1024 546 1054 me
576 1010 698 1055 fraus
728 1017 796 1055 est
825 1024 1036 1055 concessa
1065 1012 1279 1067 repellere
1309 1012 1524 1068 fraudem,

370 1101 578 1143 armaque
609 1088 654 1131 in
684 1094 876 1132 armatos
908 1102 1080 1132 sumere
1103 1089 1208 1144 ,iura
1237 1090 1400 1134 sinunt.

208 1223 210 1226 v
285 1163 520 1209 Judicibus
549 1165 664 1221 lites,
695 1166 875 1220 aurigae
906 1166 1078 1210 somnia
1106 1180 1273 1219 currus,

365 1254 564 1297 vanaque
594 1243 823 1287 nocturnis
854 1249 973 1287 meta
1001 1249 1181 1287 cavetur
1210 1244 1349 1299 equis.

289 1318 462 1363 Judicis
493 1319 687 1364 officium
718 1326 799 1376 est,
830 1326 878 1365 ut
906 1334 991 1375 res,
1023 1321 1087 1365 ita
1115 1327 1316 1377 tempora
1344 1335 1492 1367 rerum

290 1409 517 1452 quaerere.

285 1472 511 1517 Judicium
540 1474 693 1530 populi
723 1489 946 1532 nunquam
976 1476 1294 1532 contempseris
1325 1491 1451 1533 unus,

286 1563 342 1595 ne
372 1551 484 1595 nulli
513 1552 690 1608 placeas
721 1553 824 1596 dum
854 1554 919 1597 vis
950 1559 1229 1598 contemnere
1259 1554 1435 1599 multos.

283 1627 460 1684 Jupiter
489 1630 781 1686 omnipotens,
812 1630 1053 1676 audacibus
1084 1631 1227 1675 adnue
1257 1631 1440 1688 coeptis.

173 1704 256 1748 475
287 1704 463 1760 Jupiter
493 1719 547 1749 ex
577 1707 667 1751 alto
696 1707 891 1763 perjuria
919 1708 1034 1754 ridet
1063 1715 1288 1754 amantum

367 1789 412 1827 et
433 1782 566 1838 jubet
594 1784 778 1829 Aeolios
808 1786 935 1830 irrita
964 1786 1079 1831 ferre
1110 1786 1231 1831 deos.

282 1858 395 1904 Jura
424 1860 603 1905 inventa
633 1867 752 1906 metu
782 1862 934 1919 injusti
965 1863 1131 1908 fateare
1162 1877 1342 1909 necesse
1373 1871 1454 1919 est,

281 1942 483 1993 tempora
512 1938 550 1983 si
580 1938 806 1996 fastosque
836 1941 945 1986 velis
975 1941 1175 1986 evolvere
1206 1941 1371 1986 mundi.

282 2048 292 2058 .
310 2047 319 2058 .
337 2048 347 2059 .
363 2014 511 2061 Jussis
539 2030 664 2061 mora
692 2018 838 2073 segnis
868 2019 1034 2063 abesto.

236 2123 245 2130 .
279 2091 463 2138 Justitia
491 2094 674 2140 utilibus
703 2102 871 2140 rectum
901 2110 1174 2152 praeponere
1205 2096 1377 2141 suadet.

282 2202 292 2213 .
309 2203 320 2213 .
337 2203 348 2213 .
363 2170 499 2215 Juvat
527 2172 787 2217 inconcessa
815 2173 1030 2229 voluptas.

169 2247 256 2291 480
285 2281 295 2291 .
313 2281 323 2292 .
343 2247 647 2294 .Juvenilibus
677 2251 806 2295 annis

344 2324 574 2370 luxuriant
604 2327 740 2371 animi
772 2342 1044 2385 corporaque
1074 2330 1173 2385 ipsa
1202 2330 1360 2385 vigent.

280 2449 483 2526 Labitur
512 2483 670 2539 exiguo
701 2482 818 2539 quod
847 2491 1022 2540 partum
1052 2491 1120 2529 est
1148 2490 1347 2540 tempore
1377 2484 1520 2540 longo.

279 2556 467 2604 Labitur
497 2560 641 2606 oculte
669 2561 870 2618 fallitque
906 2562 1099 2607 volatilis
1130 2568 1267 2617 aetaS,

279 2640 326 2679 et
352 2635 465 2681 nihil
494 2644 562 2682 est
591 2638 720 2684 annis
749 2639 954 2684 velocius.

281 2710 470 2758 Labitur
499 2715 669 2760 occulte
698 2715 901 2772 fallitque
930 2716 1123 2761 volatilis
1153 2722 1276 2761 aetas

366 2796 415 2834 ut
444 2793 563 2837 celer
592 2793 799 2838 admissis
830 2794 995 2838 labitur
1024 2795 1170 2838 amnis
1200 2794 1339 2851 aquis.

281 2900 292 2911 .
309 2900 319 2911 .
338 2900 348 2911 .
366 2867 517 2914 Labor
546 2871 770 2926 ingenium
801 2872 974 2916 miseris
1005 2871 1140 2915 dedit.

165 2944 249 2987 485
282 2976 291 2986 .
310 2978 320 2988 .
338 2978 348 2988 .
364 2944 513 2991 Labor
542 2948 694 2992 omnia
722 2949 858 2992 vincit

278 3022 505 3079 improbus
535 3030 580 3068 et
609 3025 731 3070 duris
761 3039 925 3082 urgens
955 3027 1001 3070 in
1031 3027 1163 3071 rebus
1194 3033 1381 3082 egestas.

280 3132 289 3142 .
308 3133 318 3143 .
335 3133 345 3143 .
363 3099 669 3146 Lacrimarum
700 3103 831 3159 longa
860 3116 1039 3148 manere

1614 871 1717 904 ovid.
1740 871 1830 903 Fast-
1854 874 1876 906 1.
1901 872 1971 902 287.

1615 949 1697 981 Hor.
1721 949 1789 981 snt.
1812 949 1853 981 11.
1876 950 1906 980 2.
1928 950 1980 983 88.

1613 1026 1712 1058 Ovid.
1729 1026 1802 1059 Art.
1819 1022 1902 1058 Am.
1919 1026 1948 1058 3.
1963 1026 2035 1058 491.

1616 1180 1733 1213 Claud.
1747 1180 1876 1213 nonar.
1887 1180 1945 1213 VI.
1956 1181 2037 1220 pr.5.

1614 1335 1715 1368 Ovld.
1738 1335 1841 1369 ‘rr-1⁸¹.
1865 1335 1888 1367 1.
1912 1333 1940 1368 1.
1962 1332 2015 1368 37.

1613 1492 1716 1525 Dion.
1740 1490 1813 1522 cat.
1837 1488 1924 1522 Dist.
1941 1490 1970 1519 2.
1986 1489 2038 1520 ⁶29.

1613 1645 1715 1684 Verg.
1739 1646 1826 1677 Aen.
1842 1645 1871 1676 9.
1894 1644 1965 1675 622.

1612 1722 1710 1754 Ovld.
1735 1722 1809 1754 Art·
1825 1721 1903 1753 Am.
1918 1721 1945 1755 1.
1963 1718 2037 1755 633.

1611 1878 1693 1910 Hor.
1716 1877 1786 1909 sat.
1809 1877 1833 1908 1.
1857 1876 1886 1908 3.
1911 1876 1980 1907 111.

1600 2032 1699 2064 ovid.
1723 2031 1805 2065 Met.
1826 2029 1857 2065 3.
1881 2032 1955 2065 561.

1607 2110 1725 2142 claud.
1750 2109 1826 2143 stn.
1849 2110 1880 2141 2.
1905 2109 1976 2140 103.

1604 2187 1704 2220 Ovid-
1727 2187 1845 2219 Amor.
1868 2186 1968 2219 HL&
1987 2186 2037 2217 31.

1614 2265 1717 2299 ovid.
1741 2265 1831 2297 Fast-
1854 2265 1884 2295 ὃ.
1911 2261 1983 2298 273.

1613 2498 1719 2531 Dion.
1743 2498 1819 2530 Cat.
1841 2497 1929 2530 Dist-
1945 2498 1973 2528 2.
1997 2497 2033 2532 1⁷

1612 2575 1711 2608 ovid.
1735 2575 1816 2607 Met.
1841 2576 1891 2607 10.
1914 2574 1986 2610 519.

1617 2729 1720 2762 Ovid.
1742 2729 1861 2762 Amor.
1893 2730 1918 2762 1.
1942 2729 1974 2760 8.
1998 2729 2040 2761 49

1603 2883 1721 2918 Manu.
1744 2883 1884 2918 Astron
1908 2883 1933 2918 1.
1958 2882 2012 2918 78.

1606 2961 1707 3000 verg.
1730 2960 1852 3001 Θεοῖς.
1878 2960 1907 2995 1-
1933 2960 2012 2996 145.

1604 3114 1704 3147 Ovid.
1726 3114 1807 3146 Met.
1830 3115 1860 3146 4.
1883 3116 1963 3148 695.

278 3186 478 3233 tempora
487 3192 569 3223 nos
577 3186 797 3236 poterunt,
808 3180 864 3224 ad
880 3194 1008 3236 opem
1019 3181 1165 3225 brevis
1176 3181 1287 3225 hora
1295 3180 1521 3226 ferendam
1532 3188 1612 3226 est.

276 3252 475 3299 Laedere
506 3257 581 3312 qui
610 3258 771 3313 potuit,
802 3258 1015 3313 prodesse
1045 3258 1282 3313 aliquando
1317 3259 1493 3303 valebit.

275 3330 460 3377 Laetius
489 3339 558 3380 est
589 3334 669 3377 vid.
702 3333 879 3379 Gaudet
908 3335 1136 3391 patientia.

1608 3269 1711 3306 Dion.
1735 3267 1809 3302 Cat:
1825 3269 1914 3307 Dist.
1936 3270 1967 3302 4.
1983 3270 2033 3303 89.
