2164 3666
138 1126 221 1169 745

135 1907 221 1951 750

135 2763 218 2806 755

255 344 454 402 Occupet
482 349 727 389 extremum
757 344 942 389 scabies.

254 423 292 468 O
323 424 452 479 cives,
484 425 613 479 cives,
645 422 900 478 quaerenda
928 423 1117 479 pecunia
1145 422 1337 479 primum
1368 429 1457 479 est,

255 502 393 546 virtus
422 507 524 556 post
553 503 775 545 nummos!

1582 357 1666 394 Hor.
1689 358 1797 400 Epist.
1819 358 1860 392 Π.
1884 358 1915 396 3.
1937 345 2011 392 417.

1582 438 1667 472 Hor.
1689 438 1798 478 Epist.
1820 439 1845 470 1.
1868 438 1898 470 1.
1921 439 1974 474 53.

255 579 292 623 O
323 592 451 623 curas
481 579 729 623 hominum!
762 592 787 622 o
819 584 1032 634 quantum
1063 583 1131 623 est
1160 579 1206 622 in
1236 579 1368 623 rebus
1399 580 1550 624 inane!
1582 594 1674 625 Pers.
1698 594 1767 626 sat.
1791 594 1821 625 1.
1845 594 1875 625 1.

140 658 225 702 740
254 657 290 702 O
323 670 480 701 curvae
509 657 556 700 in
586 662 729 701 terras
761 657 933 701 animae
965 662 1008 701 et
1039 657 1295 701 coelestium
1327 658 1501 703 inanes!

252 735 413 791 Odero,
445 735 483 779 si
512 740 688 790 potero:
721 735 758 778 si
788 748 890 790 non,
921 735 1084 778 invitus
1119 735 1289 779 amabo.

254 811 452 857 Oderunt
482 813 668 856 hilarem
699 813 866 868 tristes,
897 813 1157 867 tristemque
1181 812 1338 868 ¹jocosi,

252 891 453 935 sedatum
484 891 664 947 celeres,
696 890 857 946 agilem
887 903 1162 947 gnavumque
1192 891 1380 934 remissi.

252 968 452 1013 Oderunt
482 982 667 1024 peccare
698 969 802 1012 boni
832 968 1009 1012 virtutis
1040 982 1203 1012 amore.

254 1046 466 1103 Oderunt,
496 1047 678 1102 Pholoe,
710 1060 880 1102 moneo,
911 1046 1093 1090 fastidia
1124 1046 1226 1090 divi.

252 1124 338 1169 Odi
367 1130 411 1169 et
441 1138 553 1169 amo.
615 1124 760 1179 Quare
790 1124 836 1168 id
866 1124 1027 1168 faciam
1058 1125 1247 1169 fortasse
1278 1125 1486 1180 requiris:

337 1203 502 1259 nescio,
534 1202 613 1247 sed
642 1202 738 1246 fieri
769 1203 912 1247 sentio
943 1208 987 1247 et
1018 1203 1262 1247 excrucior.

251 1281 288 1325 Ο
319 1281 465 1325 dirum
496 1281 680 1324 exitium
712 1281 992 1324 mortalibus!
1025 1294 1050 1324 o
1081 1281 1194 1323 nihil
1225 1293 1418 1336 unquam

252 1372 465 1414 crescere,
496 1372 577 1403 nec
608 1372 790 1414 magnas
820 1359 996 1415 patiens
1027 1371 1265 1414 exsurgere
1295 1358 1463 1414 laudes,

251 1437 438 1480 invidia!

251 1514 493 1559 Offendunt
522 1527 747 1570 nunquam
777 1519 880 1558 tura
907 1528 1150 1570 precesque
1181 1515 1349 1559 Jovem.

251 1592 457 1637 Officium
488 1593 670 1638 alterius
701 1592 852 1636 multis
882 1605 1064 1637 narrare
1095 1599 1328 1649 memento,

251 1676 383 1727 atque
414 1671 514 1716 aliis
545 1685 679 1727 quum
709 1676 758 1714 tu
787 1670 1075 1727 benefeceris,
1106 1672 1202 1726 ipse
1234 1671 1376 1715 sileto.

251 1749 287 1794 O
318 1750 510 1794 formose
539 1762 662 1805 puer,
693 1749 878 1792 nimium
908 1762 964 1792 ne
995 1749 1125 1793 crede
1157 1746 1344 1793 coloriz'

251 1828 354 1872 alba
382 1829 569 1883 ligustra
599 1827 774 1883 cadunt,
806 1827 1004 1871 vaccinia
1033 1827 1160 1882 nigra
1180 1827 1398 1882 leguntur.

250 1906 315 1963 „O
346 1905 561 1950 fortunati
591 1905 908 1949 mercatores!“
940 1905 1085 1960 gravis
1117 1906 1245 1949 annis

251 1984 379 2028 miles
409 1984 485 2039 ait,
516 1983 655 2027 multo
679 1983 773 2039 jam
804 1982 971 2027 fractus
1002 1983 1199 2026 membra
1231 1983 1396 2026 labore.

251 2061 287 2106 O
318 2061 566 2105 fortunatos
595 2061 793 2116 nimium,
827 2074 907 2104 sua
938 2060 975 2104 si
1006 2061 1123 2105 bona
1153 2060 1315 2115 norint,

252 2140 483 2196 agricolas.

252 2217 452 2261 ...Olim
483 2217 736 2261 meminisse
760 2216 935 2272 juvabit
965 2217 1045 2259 vid.
1078 2216 1262 2260 Forsan.

250 2295 367 2340 Olim
399 2295 516 2350 quod
546 2295 699 2350 vulpes
731 2300 911 2350 aegroto
942 2300 1073 2338 cauta
1103 2294 1221 2339 leoni

249 2373 493 2429 respondit,
525 2372 733 2416 referam:
767 2371 910 2428 „Quia
939 2385 1008 2415 me
1039 2372 1224 2428 vestigia
1254 2376 1424 2415 terrent

250 2452 399 2496 omnia
429 2457 474 2495 te
506 2450 738 2494 adversum
771 2450 1031 2505 spectantia,
1062 2450 1186 2493 nulla
1216 2446 1499 2493 retr'orsumf‘

249 2528 285 2573 O
317 2529 457 2585 major
488 2528 667 2572 tandem
698 2541 869 2583 parcas,
901 2528 1070 2583 insane,
1102 2528 1274 2571 minori.

336 2606 372 2651 Ο
404 2607 598 2651 maxima
628 2619 776 2650 rerum

250 2690 295 2728 et
324 2685 481 2747 merito
512 2685 656 2740 pietas
686 2683 856 2728 homini
887 2682 1111 2727 tutissima
1141 2683 1294 2726 virtus.

251 2762 287 2806 O
319 2762 427 2806 mihi
457 2762 724 2818 praeteritos
754 2761 919 2805 referat
951 2761 989 2805 si
1020 2761 1199 2816 Jupiter
1229 2762 1389 2805 annos!

249 2840 410 2884 Omina
440 2845 542 2884 sunt
571 2839 753 2895 aliquid.

250 2917 287 2962 O
319 2918 504 2962 miseras
534 2918 761 2962 hominum
793 2918 982 2961 mentes!
1016 2930 1040 2960 o
1071 2922 1257 2972 pectora
1287 2916 1438 2959 caeca!

249 2996 456 3051 qualibus
487 2996 532 3039 in
563 2995 759 3039 tenebris
790 2995 906 3038 vitae
937 2994 1203 3049 quantisque
1234 2993 1413 3049 periclis

249 3073 423 3129 degitur
452 3073 537 3116 hoc
568 3072 663 3116 aevi
695 3071 986 3127 quodcunque
1017 3073 1104 3115 est!

250 3150 390 3194 Omne
421 3151 556 3195 animi
588 3151 740 3194 vitium
771 3155 896 3193 tanto
927 3149 1207 3204 conspectius
1238 3149 1282 3191 in
1315 3161 1362 3191 se

251 3229 417 3272 crimen
447 3228 596 3283 habet,
629 3232 793 3283 quanto
823 3227 977 3282 major,
1010 3227 1084 3282 qui
1115 3231 1283 3282 peccat,
1314 3226 1515 3269 habetur.

251 3306 476 3350 ...Omne
507 3305 702 3349 futurum
732 3304 987 3360 Despicitur
1023 3305 1102 3346 vid.
1137 3304 1222 3347 Sed
1254 3317 1397 3359 quam.

250 3383 390 3427 Omnc
421 3384 465 3426 in
497 3396 647 3427 amore
678 3382 854 3438 malum,
886 3383 923 3426 si
954 3383 1137 3439 patiare,
1177 3382 1273 3425 leve
1304 3387 1383 3425 cst.

1580 673 1671 704 Pers.
1695 671 1764 703 Sat.
1787 672 1818 706 2.
1842 672 1894 703 61.

1585 749 1686 782 Ovidi
1696 749 1813 781 Amor.
1827 750 1885 781 111.
1895 749 1948 784 11.
1960 749 2012 783 35,

1586 827 1667 859 Hor.
1690 826 1797 867 Epist.
1833 827 1858 862 1.
1883 827 1932 858 18.
1957 827 2014 861 89.

1584 982 1667 1014 Hor.
1697 983 1805 1022 Epist.
1827 982 1853 1013 1.
1877 982 1928 1013 16.
1955 982 2006 1013 52.

1583 1061 1660 1092 Tib.
1682 1060 1733 1092 El.
1757 1061 1781 1092 1.
1805 1060 1833 1091 8.
1860 1060 1910 1092 69.

1584 1138 1706 1171 Catull.
1730 1137 1843 1170 Carm.
1866 1138 1917 1169 85.
1941 1138 1970 1171 1.

1581 1295 1638 1327 Sil.
1661 1295 1735 1327 Ital.
1759 1294 1845 1325 Pun.
1869 1291 1917 1327 17.
1940 1291 2014 1327 187.

1587 1528 1688 1563 Mart.
1699 1527 1816 1568 Epigr.
1831 1527 2017 1561 Vm.24.4.

1586 1605 1689 1638 Dion'.
1713 1605 1785 1638 Cat.
1801 1606 1888 1638 Dist.
1906 1607 1938 1638 1.
1959 1607 2014 1638 15.

1587 1762 1690 1802 Verg.
1713 1761 1784 1794 Ecl.
1819 1763 1850 1797 2.
1874 1762 1925 1796 17.

1587 1918 1669 1950 Hor.
1693 1918 1762 1950 Sat.
1785 1918 1810 1949 1.
1833 1918 1861 1949 1.
1885 1918 1913 1950 4.

1584 2074 1686 2113 Verg.
1711 2072 1835 2112 Georg.
1859 2072 1890 2103 2.
1912 2073 1990 2104 458.

1581 2307 1663 2340 Hor.
1686 2306 1793 2346 Epist.
1817 2306 1840 2338 Ι.
1866 2306 1894 2338 l.
1918 2306 1965 2338 73

1579 2540 1661 2574 Hor.
1685 2539 1754 2571 Sat.
1777 2539 1820 2573 11.
1844 2539 1869 2569 3
1896 2538 1968 2570 326.

1585 2617 1689 2649 Lucil.
1714 2617 1816 2650 Aetn.
1839 2617 1911 2648 631.

1583 2773 1686 2812 Verg.
1710 2772 1795 2804 Aen.
1819 2772 1849 2803 8.
1873 2771 1944 2803 560.

1586 2850 1687 2885 Ovid.
1711 2850 1829 2884 Amor.
1853 2850 1878 2886 1.
1908 2850 1956 2882 12.
1980 2850 2010 2880 3.

1583 2929 1719 2960 Luci-et.
1744 2928 1775 2959 d.
1795 2937 1818 2960 r.
1832 2930 1903 2961 nat.
1917 2927 2006 2961 214.

1579 3161 1660 3195 Jtn'.
1684 3161 1753 3193 Sat.
1776 3160 1805 3191 8.
1828 3160 1901 3194 140.

1586 3394 1688 3432 Prop.
1713 3393 1762 3424 ΕΙ.
1786 3393 1828 3424 11.
1852 3393 1880 3424 5.
1905 3393 1952 3427 16,
