<?xml version="1.0" encoding="UTF-8"?>
<!DOCTYPE html PUBLIC "-//W3C//DTD XHTML 1.0 Transitional//EN"
    "http://www.w3.org/TR/xhtml1/DTD/xhtml1-transitional.dtd">
<html xmlns="http://www.w3.org/1999/xhtml" xml:lang="en" lang="en">
 <head>
  <title>
</title>
<meta http-equiv="Content-Type" content="text/html;charset=utf-8" />
  <meta name='ocr-system' content='tesseract 3.04.00' />
  <meta name='ocr-capabilities' content='ocr_page ocr_carea ocr_par ocr_line ocrx_word'/>
</head>
<body>
  <div class='ocr_page' id='page_1' title='image "./dactyliothecacor00krusuoft_0048.png"; bbox 0 0 2164 3666; ppageno 0'>
   <div class='ocr_carea' id='block_1_1' title="bbox 255 315 2016 528">
    <p class='ocr_par' dir='ltr' id='par_1_1' title="bbox 255 315 2016 528">
     <span class='ocr_line' id='line_1_1' title="bbox 257 315 2016 371; baseline -0.001 -11"><span class='ocrx_word' id='word_1_1' title='bbox 257 316 373 371; x_wconf 99' lang='lat' dir='ltr'>Quid</span> <span class='ocrx_word' id='word_1_2' title='bbox 402 330 610 361; x_wconf 89' lang='lat' dir='ltr'>numeras</span> <span class='ocrx_word' id='word_1_3' title='bbox 641 317 810 360; x_wconf 79' lang='lat' dir='ltr'>annos?</span> <span class='ocrx_word' id='word_1_4' title='bbox 839 316 930 360; x_wconf 82' lang='lat' dir='ltr'>vixi</span> <span class='ocrx_word' id='word_1_5' title='bbox 950 316 1176 360; x_wconf 52' lang='lat' dir='ltr'>‘maturior</span> <span class='ocrx_word' id='word_1_6' title='bbox 1206 315 1355 370; x_wconf 82' lang='lat' dir='ltr'>annis3</span> <span class='ocrx_word' id='word_1_7' title='bbox 1587 327 1782 360; x_wconf 64' lang='lat' dir='ltr'>...eonsot</span> <span class='ocrx_word' id='word_1_8' title='bbox 1799 327 2016 360; x_wconf 57' lang='lat' dir='ltr'>adsunt-44⁷.</span> 
     </span>
     <span class='ocr_line' id='line_1_2' title="bbox 340 392 1409 438; baseline -0.003 0"><span class='ocrx_word' id='word_1_9' title='bbox 340 399 441 438; x_wconf 87' lang='lat' dir='ltr'>acta</span> <span class='ocrx_word' id='word_1_10' title='bbox 471 407 620 438; x_wconf 88' lang='lat' dir='ltr'>senem</span> <span class='ocrx_word' id='word_1_11' title='bbox 651 394 839 437; x_wconf 84' lang='lat' dir='ltr'>faciunt:</span> <span class='ocrx_word' id='word_1_12' title='bbox 870 394 981 438; x_wconf 87' lang='lat' dir='ltr'>haec</span> <span class='ocrx_word' id='word_1_13' title='bbox 1010 393 1284 437; x_wconf 87' lang='lat' dir='ltr'>numeranda</span> <span class='ocrx_word' id='word_1_14' title='bbox 1313 392 1409 435; x_wconf 86' lang='lat' dir='ltr'>tibi.</span> 
     </span>
     <span class='ocr_line' id='line_1_3' title="bbox 255 470 2016 528; baseline 0.001 -13"><span class='ocrx_word' id='word_1_15' title='bbox 255 472 371 526; x_wconf 89' lang='lat' dir='ltr'>Quid</span> <span class='ocrx_word' id='word_1_16' title='bbox 392 472 540 528; x_wconf 86' lang='lat' dir='ltr'>placet</span> <span class='ocrx_word' id='word_1_17' title='bbox 570 477 646 515; x_wconf 89' lang='lat' dir='ltr'>aut</span> <span class='ocrx_word' id='word_1_18' title='bbox 676 471 777 515; x_wconf 91' lang='lat' dir='ltr'>odio</span> <span class='ocrx_word' id='word_1_19' title='bbox 799 476 880 526; x_wconf 85' lang='lat' dir='ltr'>est,</span> <span class='ocrx_word' id='word_1_20' title='bbox 911 471 1028 526; x_wconf 88' lang='lat' dir='ltr'>quod</span> <span class='ocrx_word' id='word_1_21' title='bbox 1049 485 1138 515; x_wconf 91' lang='lat' dir='ltr'>non</span> <span class='ocrx_word' id='word_1_22' title='bbox 1158 471 1369 516; x_wconf 82' lang='lat' dir='ltr'>mutabile</span> <span class='ocrx_word' id='word_1_23' title='bbox 1391 470 1672 518; x_wconf 68' lang='lat' dir='ltr'>cretlas‘?fl0r.</span> <span class='ocrx_word' id='word_1_24' title='bbox 1695 483 1803 524; x_wconf 72' lang='lat' dir='ltr'>Epist.</span> <span class='ocrx_word' id='word_1_25' title='bbox 1825 483 1866 515; x_wconf 92' lang='lat'>11.</span> <span class='ocrx_word' id='word_1_26' title='bbox 1889 483 1918 514; x_wconf 91' lang='lat'>1.</span> <span class='ocrx_word' id='word_1_27' title='bbox 1942 483 2016 518; x_wconf 88' lang='lat'>101.</span> 
     </span>
    </p>
   </div>
   <div class='ocr_carea' id='block_1_2' title="bbox 256 547 1938 761">
    <p class='ocr_par' dir='ltr' id='par_1_2' title="bbox 256 547 1938 761">
     <span class='ocr_line' id='line_1_4' title="bbox 256 547 1810 606; baseline -0.001 -14"><span class='ocrx_word' id='word_1_28' title='bbox 256 549 479 604; x_wconf 77' lang='lat' dir='ltr'><strong>Quidquid</strong></span> <span class='ocrx_word' id='word_1_29' title='bbox 492 550 545 606; x_wconf 87' lang='lat' dir='ltr'>(si</span> <span class='ocrx_word' id='word_1_30' title='bbox 558 549 679 605; x_wconf 91' lang='lat' dir='ltr'>quid)</span> <span class='ocrx_word' id='word_1_31' title='bbox 695 550 802 605; x_wconf 83' lang='lat' dir='ltr'>agis,</span> <span class='ocrx_word' id='word_1_32' title='bbox 819 550 1061 605; x_wconf 81' lang='lat' dir='ltr'>prudenter</span> <span class='ocrx_word' id='word_1_33' title='bbox 1077 563 1183 605; x_wconf 88' lang='lat' dir='ltr'>agas</span> <span class='ocrx_word' id='word_1_34' title='bbox 1199 553 1243 594; x_wconf 88' lang='lat' dir='ltr'>et</span> <span class='ocrx_word' id='word_1_35' title='bbox 1257 549 1431 604; x_wconf 82' lang='lat' dir='ltr'>respice</span> <span class='ocrx_word' id='word_1_36' title='bbox 1442 547 1588 592; x_wconf 90' lang='lat' dir='ltr'>finem.</span> <span class='ocrx_word' id='word_1_37' title='bbox 1795 560 1810 592; x_wconf 71' lang='lat'><strong><em>2</em></strong></span> 
     </span>
     <span class='ocr_line' id='line_1_5' title="bbox 256 626 1055 682; baseline 0.003 -13"><span class='ocrx_word' id='word_1_38' title='bbox 256 626 479 682; x_wconf 76' lang='lat' dir='ltr'>Quidquid</span> <span class='ocrx_word' id='word_1_39' title='bbox 511 641 634 672; x_wconf 88' lang='lat' dir='ltr'>amas</span> <span class='ocrx_word' id='word_1_40' title='bbox 665 629 754 671; x_wconf 77' lang='lat' dir='ltr'>vid.</span> <span class='ocrx_word' id='word_1_41' title='bbox 787 627 1055 671; x_wconf 83' lang='lat' dir='ltr'>Immodicis.</span> 
     </span>
     <span class='ocr_line' id='line_1_6' title="bbox 256 704 1938 761; baseline -0.001 -13"><span class='ocrx_word' id='word_1_42' title='bbox 256 704 482 760; x_wconf 87' lang='lat' dir='ltr'>Quidquid</span> <span class='ocrx_word' id='word_1_43' title='bbox 513 705 704 750; x_wconf 82' lang='lat' dir='ltr'>delirant</span> <span class='ocrx_word' id='word_1_44' title='bbox 733 718 874 761; x_wconf 76' lang='lat' dir='ltr'>reges,</span> <span class='ocrx_word' id='word_1_45' title='bbox 904 705 1158 760; x_wconf 85' lang='lat' dir='ltr'>plectuntur</span> <span class='ocrx_word' id='word_1_46' title='bbox 1187 704 1360 749; x_wconf 84' lang='lat' dir='ltr'>Achivi.</span> <span class='ocrx_word' id='word_1_47' title='bbox 1590 717 1671 748; x_wconf 79' lang='lat' dir='ltr'>Hor.</span> <span class='ocrx_word' id='word_1_48' title='bbox 1695 716 1763 748; x_wconf 73' lang='lat' dir='ltr'>Sat.</span> <span class='ocrx_word' id='word_1_49' title='bbox 1787 717 1811 748; x_wconf 94' lang='lat'>1.</span> <span class='ocrx_word' id='word_1_50' title='bbox 1834 717 1864 748; x_wconf 78' lang='lat'>2.</span> <span class='ocrx_word' id='word_1_51' title='bbox 1888 715 1938 747; x_wconf 79' lang='lat'>14.</span> 
     </span>
    </p>
   </div>
   <div class='ocr_carea' id='block_1_3' title="bbox 142 794 2020 1483">
    <p class='ocr_par' dir='ltr' id='par_1_3' title="bbox 142 794 1981 1008">
     <span class='ocr_line' id='line_1_7' title="bbox 142 794 1953 853; baseline 0 -14"><span class='ocrx_word' id='word_1_52' title='bbox 142 799 226 840; x_wconf 87' lang='grc'>900</span> <span class='ocrx_word' id='word_1_53' title='bbox 256 796 481 852; x_wconf 88' lang='lat' dir='ltr'>Quidquid</span> <span class='ocrx_word' id='word_1_54' title='bbox 502 797 599 853; x_wconf 85' lang='lat' dir='ltr'>erit,</span> <span class='ocrx_word' id='word_1_55' title='bbox 632 797 884 852; x_wconf 87' lang='lat' dir='ltr'>superanda</span> <span class='ocrx_word' id='word_1_56' title='bbox 914 796 1056 840; x_wconf 84' lang='lat' dir='ltr'>omnis</span> <span class='ocrx_word' id='word_1_57' title='bbox 1087 796 1265 840; x_wconf 85' lang='lat' dir='ltr'>fortuna</span> <span class='ocrx_word' id='word_1_58' title='bbox 1292 794 1474 839; x_wconf 84' lang='lat' dir='ltr'>ferendo</span> <span class='ocrx_word' id='word_1_59' title='bbox 1501 798 1581 839; x_wconf 85' lang='lat' dir='ltr'>est.</span> <span class='ocrx_word' id='word_1_60' title='bbox 1595 809 1694 849; x_wconf 74' lang='lat' dir='ltr'>verg.</span> <span class='ocrx_word' id='word_1_61' title='bbox 1717 807 1804 842; x_wconf 82' lang='lat' dir='ltr'>Aen.</span> <span class='ocrx_word' id='word_1_62' title='bbox 1829 809 1857 840; x_wconf 83' lang='lat'>5.</span> <span class='ocrx_word' id='word_1_63' title='bbox 1882 808 1953 840; x_wconf 79' lang='lat'>710.</span> 
     </span>
     <span class='ocr_line' id='line_1_8' title="bbox 255 874 1981 931; baseline -0.001 -14"><span class='ocrx_word' id='word_1_64' title='bbox 255 874 478 929; x_wconf 88' lang='lat' dir='ltr'>Quidquid</span> <span class='ocrx_word' id='word_1_65' title='bbox 508 875 675 918; x_wconf 88' lang='lat' dir='ltr'>habent</span> <span class='ocrx_word' id='word_1_66' title='bbox 706 879 841 931; x_wconf 89' lang='lat' dir='ltr'>ortus,</span> <span class='ocrx_word' id='word_1_67' title='bbox 872 874 1004 918; x_wconf 89' lang='lat' dir='ltr'>finem</span> <span class='ocrx_word' id='word_1_68' title='bbox 1034 875 1181 930; x_wconf 78' lang='lat' dir='ltr'>timet3</span> <span class='ocrx_word' id='word_1_69' title='bbox 1213 874 1375 918; x_wconf 80' lang='lat' dir='ltr'>ibimus</span> <span class='ocrx_word' id='word_1_70' title='bbox 1407 885 1671 927; x_wconf 75' lang='lat' dir='ltr'>omneS,Stat.</span> <span class='ocrx_word' id='word_1_71' title='bbox 1694 886 1775 924; x_wconf 66' lang='lat' dir='ltr'>sav,</span> <span class='ocrx_word' id='word_1_72' title='bbox 1797 886 1839 918; x_wconf 84' lang='lat'>11.</span> <span class='ocrx_word' id='word_1_73' title='bbox 1863 884 1888 920; x_wconf 91' lang='lat'>1.</span> <span class='ocrx_word' id='word_1_74' title='bbox 1911 883 1981 921; x_wconf 78' lang='lat'>218.</span> 
     </span>
     <span class='ocr_line' id='line_1_9' title="bbox 255 950 1428 1008; baseline -0.002 -13"><span class='ocrx_word' id='word_1_75' title='bbox 255 952 437 996; x_wconf 85' lang='lat' dir='ltr'>ibimus:</span> <span class='ocrx_word' id='word_1_76' title='bbox 469 953 697 996; x_wconf 84' lang='lat' dir='ltr'>immensis</span> <span class='ocrx_word' id='word_1_77' title='bbox 728 966 886 996; x_wconf 90' lang='lat' dir='ltr'>urnam</span> <span class='ocrx_word' id='word_1_78' title='bbox 918 953 1061 1008; x_wconf 88' lang='lat' dir='ltr'>quatit</span> <span class='ocrx_word' id='word_1_79' title='bbox 1091 953 1266 996; x_wconf 87' lang='lat' dir='ltr'>Aeacus</span> <span class='ocrx_word' id='word_1_80' title='bbox 1297 950 1428 995; x_wconf 86' lang='lat' dir='ltr'>ulnis.</span> 
     </span>
    </p>

    <p class='ocr_par' dir='ltr' id='par_1_4' title="bbox 258 1029 1932 1086">
     <span class='ocr_line' id='line_1_10' title="bbox 258 1029 1932 1086; baseline -0.001 -13"><span class='ocrx_word' id='word_1_81' title='bbox 258 1030 483 1086; x_wconf 86' lang='lat' dir='ltr'>Quidquid</span> <span class='ocrx_word' id='word_1_82' title='bbox 515 1030 561 1074; x_wconf 93' lang='lat' dir='ltr'>id</span> <span class='ocrx_word' id='word_1_83' title='bbox 593 1036 673 1086; x_wconf 88' lang='lat' dir='ltr'>est,</span> <span class='ocrx_word' id='word_1_84' title='bbox 705 1031 840 1075; x_wconf 89' lang='lat' dir='ltr'>timeo</span> <span class='ocrx_word' id='word_1_85' title='bbox 871 1030 1066 1086; x_wconf 86' lang='lat' dir='ltr'>Danaos,</span> <span class='ocrx_word' id='word_1_86' title='bbox 1099 1036 1142 1075; x_wconf 86' lang='lat' dir='ltr'>et</span> <span class='ocrx_word' id='word_1_87' title='bbox 1174 1030 1292 1074; x_wconf 90' lang='lat' dir='ltr'>dona</span> <span class='ocrx_word' id='word_1_88' title='bbox 1325 1029 1533 1072; x_wconf 85' lang='lat' dir='ltr'>ferentes.</span> <span class='ocrx_word' id='word_1_89' title='bbox 1594 1042 1697 1082; x_wconf 79' lang='lat' dir='ltr'>Verg.</span> <span class='ocrx_word' id='word_1_90' title='bbox 1719 1041 1806 1073; x_wconf 81' lang='lat' dir='ltr'>Aen.</span> <span class='ocrx_word' id='word_1_91' title='bbox 1831 1041 1859 1072; x_wconf 81' lang='lat'>2.</span> <span class='ocrx_word' id='word_1_92' title='bbox 1889 1041 1932 1072; x_wconf 79' lang='lat'>49</span> 
     </span>
    </p>

    <p class='ocr_par' dir='ltr' id='par_1_5' title="bbox 259 1106 2019 1164">
     <span class='ocr_line' id='line_1_11' title="bbox 259 1106 2019 1164; baseline -0.001 -13"><span class='ocrx_word' id='word_1_93' title='bbox 259 1107 483 1163; x_wconf 90' lang='lat' dir='ltr'>Quidquid</span> <span class='ocrx_word' id='word_1_94' title='bbox 513 1109 776 1164; x_wconf 83' lang='lat' dir='ltr'>praecipies,</span> <span class='ocrx_word' id='word_1_95' title='bbox 808 1114 904 1153; x_wconf 89' lang='lat' dir='ltr'>esto</span> <span class='ocrx_word' id='word_1_96' title='bbox 935 1109 1095 1164; x_wconf 90' lang='lat' dir='ltr'>brevis,</span> <span class='ocrx_word' id='word_1_97' title='bbox 1127 1114 1176 1151; x_wconf 90' lang='lat' dir='ltr'>ut</span> <span class='ocrx_word' id='word_1_98' title='bbox 1205 1109 1293 1151; x_wconf 83' lang='lat' dir='ltr'>cito</span> <span class='ocrx_word' id='word_1_99' title='bbox 1326 1106 1449 1150; x_wconf 88' lang='lat' dir='ltr'>dicta</span> <span class='ocrx_word' id='word_1_100' title='bbox 1595 1120 1676 1152; x_wconf 75' lang='lat' dir='ltr'>Hor.</span> <span class='ocrx_word' id='word_1_101' title='bbox 1699 1118 1807 1159; x_wconf 76' lang='lat' dir='ltr'>Epist.</span> <span class='ocrx_word' id='word_1_102' title='bbox 1830 1119 1872 1151; x_wconf 91' lang='lat'>11.</span> <span class='ocrx_word' id='word_1_103' title='bbox 1895 1119 2019 1154; x_wconf 56' lang='lat'>3335.</span> 
     </span>
    </p>

    <p class='ocr_par' dir='ltr' id='par_1_6' title="bbox 258 1185 1372 1243">
     <span class='ocr_line' id='line_1_12' title="bbox 258 1185 1372 1243; baseline 0 -14"><span class='ocrx_word' id='word_1_104' title='bbox 258 1187 508 1243; x_wconf 83' lang='lat' dir='ltr'>percipiant</span> <span class='ocrx_word' id='word_1_105' title='bbox 539 1187 675 1230; x_wconf 91' lang='lat' dir='ltr'>animi</span> <span class='ocrx_word' id='word_1_106' title='bbox 707 1187 875 1232; x_wconf 85' lang='lat' dir='ltr'>dociles</span> <span class='ocrx_word' id='word_1_107' title='bbox 906 1192 1174 1242; x_wconf 83' lang='lat' dir='ltr'>teneantque</span> <span class='ocrx_word' id='word_1_108' title='bbox 1205 1185 1372 1229; x_wconf 89' lang='lat' dir='ltr'>fideles.</span> 
     </span>
    </p>

    <p class='ocr_par' dir='ltr' id='par_1_7' title="bbox 257 1269 2020 1406">
     <span class='ocr_line' id='line_1_13' title="bbox 257 1269 2020 1327; baseline -0.001 -13"><span class='ocrx_word' id='word_1_109' title='bbox 257 1270 482 1327; x_wconf 90' lang='lat' dir='ltr'>Quidquid</span> <span class='ocrx_word' id='word_1_110' title='bbox 514 1276 727 1327; x_wconf 89' lang='lat' dir='ltr'>servatur,</span> <span class='ocrx_word' id='word_1_111' title='bbox 759 1271 960 1327; x_wconf 83' lang='lat' dir='ltr'>cupimus</span> <span class='ocrx_word' id='word_1_112' title='bbox 991 1270 1145 1326; x_wconf 84' lang='lat' dir='ltr'>magis,</span> <span class='ocrx_word' id='word_1_113' title='bbox 1177 1270 1363 1326; x_wconf 87' lang='lat' dir='ltr'>ipsaque</span> <span class='ocrx_word' id='word_1_114' title='bbox 1393 1269 1534 1313; x_wconf 85' lang='lat' dir='ltr'>furem</span> <span class='ocrx_word' id='word_1_115' title='bbox 1593 1283 1683 1315; x_wconf 82' lang='lat' dir='ltr'>Ovid</span> <span class='ocrx_word' id='word_1_116' title='bbox 1705 1279 1831 1315; x_wconf 86' lang='lat' dir='ltr'>Amor.</span> <span class='ocrx_word' id='word_1_117' title='bbox 1846 1282 1903 1315; x_wconf 92' lang='lat'>111.</span> <span class='ocrx_word' id='word_1_118' title='bbox 1924 1281 2020 1318; x_wconf 50' lang='lat'>425.</span> 
     </span>
     <span class='ocr_line' id='line_1_14' title="bbox 348 1349 1452 1406; baseline -0.003 -13"><span class='ocrx_word' id='word_1_119' title='bbox 348 1363 454 1393; x_wconf 89' lang='lat' dir='ltr'>cura</span> <span class='ocrx_word' id='word_1_120' title='bbox 483 1355 637 1393; x_wconf 81' lang='lat' dir='ltr'>vocat:</span> <span class='ocrx_word' id='word_1_121' title='bbox 668 1350 814 1406; x_wconf 83' lang='lat' dir='ltr'>pauci,</span> <span class='ocrx_word' id='word_1_122' title='bbox 847 1349 964 1406; x_wconf 90' lang='lat' dir='ltr'>quod</span> <span class='ocrx_word' id='word_1_123' title='bbox 997 1349 1102 1393; x_wconf 88' lang='lat' dir='ltr'>sinit</span> <span class='ocrx_word' id='word_1_124' title='bbox 1132 1349 1257 1403; x_wconf 85' lang='lat' dir='ltr'>alter,</span> <span class='ocrx_word' id='word_1_125' title='bbox 1289 1353 1452 1392; x_wconf 87' lang='lat' dir='ltr'>amant.</span> 
     </span>
    </p>

    <p class='ocr_par' dir='ltr' id='par_1_8' title="bbox 255 1426 1451 1483">
     <span class='ocr_line' id='line_1_15' title="bbox 255 1426 1451 1483; baseline 0.001 -14"><span class='ocrx_word' id='word_1_126' title='bbox 255 1426 562 1482; x_wconf 88' lang='lat' dir='ltr'>...Quidquid</span> <span class='ocrx_word' id='word_1_127' title='bbox 593 1427 751 1483; x_wconf 88' lang='lat' dir='ltr'>Superi</span> <span class='ocrx_word' id='word_1_128' title='bbox 781 1428 957 1472; x_wconf 90' lang='lat' dir='ltr'>voluere</span> <span class='ocrx_word' id='word_1_129' title='bbox 996 1427 1076 1470; x_wconf 77' lang='lat' dir='ltr'>vid.</span> <span class='ocrx_word' id='word_1_130' title='bbox 1108 1426 1335 1470; x_wconf 90' lang='lat' dir='ltr'>Immensa</span> <span class='ocrx_word' id='word_1_131' title='bbox 1371 1431 1451 1470; x_wconf 85' lang='lat' dir='ltr'>est.</span> 
     </span>
    </p>
   </div>
   <div class='ocr_carea' id='block_1_4' title="bbox 146 1519 1949 1729">
    <p class='ocr_par' dir='ltr' id='par_1_9' title="bbox 146 1519 1949 1729">
     <span class='ocr_line' id='line_1_16' title="bbox 146 1519 1949 1573; baseline -0.001 -11"><span class='ocrx_word' id='word_1_132' title='bbox 146 1522 228 1562; x_wconf 87' lang='grc'>905</span> <span class='ocrx_word' id='word_1_133' title='bbox 262 1519 462 1573; x_wconf 90' lang='lat' dir='ltr'>...Quid</span> <span class='ocrx_word' id='word_1_134' title='bbox 492 1519 643 1564; x_wconf 80' lang='lat' dir='ltr'>rides?</span> <span class='ocrx_word' id='word_1_135' title='bbox 674 1526 842 1564; x_wconf 89' lang='lat' dir='ltr'>mutato</span> <span class='ocrx_word' id='word_1_136' title='bbox 873 1519 1050 1564; x_wconf 89' lang='lat' dir='ltr'>nomine</span> <span class='ocrx_word' id='word_1_137' title='bbox 1081 1519 1135 1563; x_wconf 89' lang='lat' dir='ltr'>de</span> <span class='ocrx_word' id='word_1_138' title='bbox 1166 1524 1210 1563; x_wconf 87' lang='lat' dir='ltr'>te</span> <span class='ocrx_word' id='word_1_139' title='bbox 1594 1533 1678 1566; x_wconf 80' lang='lat' dir='ltr'>Hor.</span> <span class='ocrx_word' id='word_1_140' title='bbox 1701 1531 1770 1563; x_wconf 78' lang='lat' dir='ltr'>Sat.</span> <span class='ocrx_word' id='word_1_141' title='bbox 1790 1531 1819 1563; x_wconf 89' lang='lat'>1.</span> <span class='ocrx_word' id='word_1_142' title='bbox 1845 1531 1874 1561; x_wconf 92' lang='lat'>1.</span> <span class='ocrx_word' id='word_1_143' title='bbox 1897 1530 1949 1561; x_wconf 80' lang='grc'>69.</span> 
     </span>
     <span class='ocr_line' id='line_1_17' title="bbox 258 1597 659 1642; baseline 0.002 -1"><span class='ocrx_word' id='word_1_144' title='bbox 258 1597 410 1641; x_wconf 86' lang='lat' dir='ltr'>fabula</span> <span class='ocrx_word' id='word_1_145' title='bbox 440 1603 659 1642; x_wconf 84' lang='lat' dir='ltr'>narratur.</span> 
     </span>
     <span class='ocr_line' id='line_1_18' title="bbox 258 1675 1902 1729; baseline -0.001 -10"><span class='ocrx_word' id='word_1_146' title='bbox 258 1675 374 1729; x_wconf 89' lang='lat' dir='ltr'>Quid</span> <span class='ocrx_word' id='word_1_147' title='bbox 405 1675 573 1719; x_wconf 89' lang='lat' dir='ltr'>Romae</span> <span class='ocrx_word' id='word_1_148' title='bbox 605 1675 796 1720; x_wconf 83' lang='lat' dir='ltr'>faciam?</span> <span class='ocrx_word' id='word_1_149' title='bbox 827 1675 1007 1719; x_wconf 87' lang='lat' dir='ltr'>mentiri</span> <span class='ocrx_word' id='word_1_150' title='bbox 1039 1675 1202 1718; x_wconf 89' lang='lat' dir='ltr'>nescio.</span> <span class='ocrx_word' id='word_1_151' title='bbox 1593 1689 1679 1720; x_wconf 69' lang='lat' dir='ltr'>Juv.</span> <span class='ocrx_word' id='word_1_152' title='bbox 1702 1687 1772 1719; x_wconf 71' lang='lat' dir='ltr'>sat.</span> <span class='ocrx_word' id='word_1_153' title='bbox 1796 1686 1826 1719; x_wconf 82' lang='lat'>3.</span> <span class='ocrx_word' id='word_1_154' title='bbox 1851 1686 1902 1718; x_wconf 76' lang='lat'>41.</span> 
     </span>
    </p>
   </div>
   <div class='ocr_carea' id='block_1_5' title="bbox 256 1751 2022 1810">
    <p class='ocr_par' dir='ltr' id='par_1_10' title="bbox 256 1751 2022 1810">
     <span class='ocr_line' id='line_1_19' title="bbox 256 1751 2022 1810; baseline 0 -14"><span class='ocrx_word' id='word_1_155' title='bbox 256 1752 370 1807; x_wconf 90' lang='lat' dir='ltr'>Quid</span> <span class='ocrx_word' id='word_1_156' title='bbox 403 1754 527 1797; x_wconf 89' lang='lat' dir='ltr'>stulti</span> <span class='ocrx_word' id='word_1_157' title='bbox 557 1755 818 1810; x_wconf 82' lang='lat' dir='ltr'>proprium?</span> <span class='ocrx_word' id='word_1_158' title='bbox 848 1753 949 1798; x_wconf 86' lang='lat' dir='ltr'>Non</span> <span class='ocrx_word' id='word_1_159' title='bbox 978 1767 1110 1810; x_wconf 90' lang='lat' dir='ltr'>posse</span> <span class='ocrx_word' id='word_1_160' title='bbox 1142 1757 1186 1796; x_wconf 88' lang='lat' dir='ltr'>et</span> <span class='ocrx_word' id='word_1_161' title='bbox 1216 1751 1327 1796; x_wconf 88' lang='lat' dir='ltr'>velle</span> <span class='ocrx_word' id='word_1_162' title='bbox 1359 1765 1531 1795; x_wconf 84' lang='lat' dir='ltr'>nocere.</span> <span class='ocrx_word' id='word_1_163' title='bbox 1594 1766 1675 1798; x_wconf 69' lang='lat' dir='ltr'>Aua.</span> <span class='ocrx_word' id='word_1_164' title='bbox 1698 1767 1775 1806; x_wconf 76' lang='lat' dir='ltr'>sept</span> <span class='ocrx_word' id='word_1_165' title='bbox 1806 1765 1884 1805; x_wconf 79' lang='lat' dir='ltr'>sap.</span> <span class='ocrx_word' id='word_1_166' title='bbox 1906 1763 2022 1796; x_wconf 82' lang='lat' dir='ltr'>s.1.·1.</span> 
     </span>
    </p>
   </div>
   <div class='ocr_carea' id='block_1_6' title="bbox 256 1826 1925 2043">
    <p class='ocr_par' dir='ltr' id='par_1_11' title="bbox 256 1826 1925 2043">
     <span class='ocr_line' id='line_1_20' title="bbox 262 1826 1925 1887; baseline 0.002 -13"><span class='ocrx_word' id='word_1_167' title='bbox 262 1831 345 1885; x_wconf 93' lang='lat' dir='ltr'>Qui</span> <span class='ocrx_word' id='word_1_168' title='bbox 376 1831 438 1886; x_wconf 90' lang='lat' dir='ltr'>fit,</span> <span class='ocrx_word' id='word_1_169' title='bbox 471 1832 724 1887; x_wconf 84' lang='lat' dir='ltr'>Maecenas,</span> <span class='ocrx_word' id='word_1_170' title='bbox 755 1838 804 1875; x_wconf 92' lang='lat' dir='ltr'>ut</span> <span class='ocrx_word' id='word_1_171' title='bbox 834 1846 977 1887; x_wconf 91' lang='lat' dir='ltr'>nemo,</span> <span class='ocrx_word' id='word_1_172' title='bbox 1009 1845 1140 1886; x_wconf 91' lang='lat' dir='ltr'>quam</span> <span class='ocrx_word' id='word_1_173' title='bbox 1172 1830 1256 1874; x_wconf 91' lang='lat' dir='ltr'>sibi</span> <span class='ocrx_word' id='word_1_174' title='bbox 1288 1835 1451 1874; x_wconf 80' lang='lat' dir='ltr'>sortem</span> <span class='ocrx_word' id='word_1_175' title='bbox 1595 1845 1677 1876; x_wconf 79' lang='lat' dir='ltr'>Hor.</span> <span class='ocrx_word' id='word_1_176' title='bbox 1701 1826 1875 1877; x_wconf 61' lang='lat' dir='ltr'>sat-141·</span> <span class='ocrx_word' id='word_1_177' title='bbox 1900 1841 1925 1877; x_wconf 90' lang='lat'>1-</span> 
     </span>
     <span class='ocr_line' id='line_1_21' title="bbox 256 1909 1296 1965; baseline -0.003 -12"><span class='ocrx_word' id='word_1_178' title='bbox 256 1923 334 1953; x_wconf 92' lang='lat' dir='ltr'>seu</span> <span class='ocrx_word' id='word_1_179' title='bbox 364 1910 478 1953; x_wconf 90' lang='lat' dir='ltr'>ratio</span> <span class='ocrx_word' id='word_1_180' title='bbox 511 1909 696 1965; x_wconf 83' lang='lat' dir='ltr'>dederit,</span> <span class='ocrx_word' id='word_1_181' title='bbox 728 1924 806 1954; x_wconf 83' lang='lat' dir='ltr'>seu</span> <span class='ocrx_word' id='word_1_182' title='bbox 836 1909 927 1954; x_wconf 87' lang='lat' dir='ltr'>fors</span> <span class='ocrx_word' id='word_1_183' title='bbox 959 1909 1185 1965; x_wconf 86' lang='lat' dir='ltr'>objecerit,</span> <span class='ocrx_word' id='word_1_184' title='bbox 1217 1909 1296 1951; x_wconf 91' lang='lat' dir='ltr'>illa</span> 
     </span>
     <span class='ocr_line' id='line_1_22' title="bbox 258 1987 1338 2043; baseline 0 -13"><span class='ocrx_word' id='word_1_185' title='bbox 258 1993 491 2032; x_wconf 88' lang='lat' dir='ltr'>contentus</span> <span class='ocrx_word' id='word_1_186' title='bbox 523 1988 653 2043; x_wconf 87' lang='lat' dir='ltr'>vivat,</span> <span class='ocrx_word' id='word_1_187' title='bbox 685 1988 836 2032; x_wconf 90' lang='lat' dir='ltr'>laudet</span> <span class='ocrx_word' id='word_1_188' title='bbox 867 1988 1041 2032; x_wconf 87' lang='lat' dir='ltr'>diversa</span> <span class='ocrx_word' id='word_1_189' title='bbox 1072 1987 1338 2042; x_wconf 76' lang='lat' dir='ltr'>sequentes?</span> 
     </span>
    </p>
   </div>
   <div class='ocr_carea' id='block_1_7' title="bbox 257 2079 2012 2136">
    <p class='ocr_par' dir='ltr' id='par_1_12' title="bbox 257 2079 2012 2136">
     <span class='ocr_line' id='line_1_23' title="bbox 257 2079 2012 2136; baseline -0.002 -13"><span class='ocrx_word' id='word_1_190' title='bbox 257 2079 342 2134; x_wconf 90' lang='lat' dir='ltr'>Qui</span> <span class='ocrx_word' id='word_1_191' title='bbox 373 2085 573 2126; x_wconf 87' lang='lat' dir='ltr'>metuens</span> <span class='ocrx_word' id='word_1_192' title='bbox 604 2081 734 2136; x_wconf 90' lang='lat' dir='ltr'>vivet,</span> <span class='ocrx_word' id='word_1_193' title='bbox 766 2081 878 2125; x_wconf 89' lang='lat' dir='ltr'>liber</span> <span class='ocrx_word' id='word_1_194' title='bbox 909 2080 1019 2124; x_wconf 92' lang='lat' dir='ltr'>mihi</span> <span class='ocrx_word' id='word_1_195' title='bbox 1050 2092 1138 2122; x_wconf 92' lang='lat' dir='ltr'>non</span> <span class='ocrx_word' id='word_1_196' title='bbox 1170 2079 1254 2123; x_wconf 92' lang='lat' dir='ltr'>erit</span> <span class='ocrx_word' id='word_1_197' title='bbox 1283 2090 1490 2133; x_wconf 89' lang='lat' dir='ltr'>unquam.</span> <span class='ocrx_word' id='word_1_198' title='bbox 1593 2094 1676 2125; x_wconf 80' lang='lat' dir='ltr'>Hor.</span> <span class='ocrx_word' id='word_1_199' title='bbox 1700 2092 1809 2132; x_wconf 68' lang='lat' dir='ltr'>Epist.</span> <span class='ocrx_word' id='word_1_200' title='bbox 1832 2092 1858 2124; x_wconf 94' lang='lat'>1.</span> <span class='ocrx_word' id='word_1_201' title='bbox 1884 2091 1934 2123; x_wconf 81' lang='lat'>16.</span> <span class='ocrx_word' id='word_1_202' title='bbox 1958 2091 2012 2122; x_wconf 82' lang='lat'>66.</span> 
     </span>
    </p>
   </div>
   <div class='ocr_carea' id='block_1_8' title="bbox 145 2169 2028 2227">
    <p class='ocr_par' dir='ltr' id='par_1_13' title="bbox 145 2169 2028 2227">
     <span class='ocr_line' id='line_1_24' title="bbox 145 2169 2028 2227; baseline -0.003 -11"><span class='ocrx_word' id='word_1_203' title='bbox 145 2175 229 2216; x_wconf 87' lang='lat'>910</span> <span class='ocrx_word' id='word_1_204' title='bbox 260 2171 344 2226; x_wconf 92' lang='lat' dir='ltr'>Qui</span> <span class='ocrx_word' id='word_1_205' title='bbox 375 2172 517 2221; x_wconf 87' lang='lat' dir='ltr'>nescit</span> <span class='ocrx_word' id='word_1_206' title='bbox 547 2186 713 2227; x_wconf 88' lang='lat' dir='ltr'>versus,</span> <span class='ocrx_word' id='word_1_207' title='bbox 745 2178 894 2216; x_wconf 87' lang='lat' dir='ltr'>tamen</span> <span class='ocrx_word' id='word_1_208' title='bbox 925 2171 1059 2216; x_wconf 89' lang='lat' dir='ltr'>audet</span> <span class='ocrx_word' id='word_1_209' title='bbox 1088 2171 1266 2227; x_wconf 86' lang='lat' dir='ltr'>fingere.</span> <span class='ocrx_word' id='word_1_210' title='bbox 1337 2169 1536 2224; x_wconf 79' lang='lat' dir='ltr'>Quidni?</span> <span class='ocrx_word' id='word_1_211' title='bbox 1594 2186 1676 2217; x_wconf 77' lang='lat' dir='ltr'>nor.</span> <span class='ocrx_word' id='word_1_212' title='bbox 1699 2184 1808 2224; x_wconf 63' lang='lat' dir='ltr'>Epist.</span> <span class='ocrx_word' id='word_1_213' title='bbox 1831 2183 1872 2216; x_wconf 93' lang='lat'>11.</span> <span class='ocrx_word' id='word_1_214' title='bbox 1896 2183 1928 2214; x_wconf 85' lang='lat'>3.</span> <span class='ocrx_word' id='word_1_215' title='bbox 1951 2183 2028 2216; x_wconf 80' lang='lat'>382.</span> 
     </span>
    </p>
   </div>
   <div class='ocr_carea' id='block_1_9' title="bbox 255 2247 2010 2852">
    <p class='ocr_par' dir='ltr' id='par_1_14' title="bbox 256 2247 2002 2306">
     <span class='ocr_line' id='line_1_25' title="bbox 256 2247 2002 2306; baseline -0.002 -12"><span class='ocrx_word' id='word_1_216' title='bbox 256 2247 343 2304; x_wconf 74' lang='lat' dir='ltr'>vQui</span> <span class='ocrx_word' id='word_1_217' title='bbox 373 2251 495 2295; x_wconf 89' lang='lat' dir='ltr'>nolet</span> <span class='ocrx_word' id='word_1_218' title='bbox 524 2250 622 2294; x_wconf 89' lang='lat' dir='ltr'>fieri</span> <span class='ocrx_word' id='word_1_219' title='bbox 654 2250 918 2306; x_wconf 86' lang='lat' dir='ltr'>desidiosus,</span> <span class='ocrx_word' id='word_1_220' title='bbox 950 2255 1079 2294; x_wconf 92' lang='lat' dir='ltr'>amet.</span> <span class='ocrx_word' id='word_1_221' title='bbox 1594 2262 1696 2297; x_wconf 75' lang='lat' dir='ltr'>ovid.</span> <span class='ocrx_word' id='word_1_222' title='bbox 1717 2261 1835 2294; x_wconf 85' lang='lat' dir='ltr'>Amor.</span> <span class='ocrx_word' id='word_1_223' title='bbox 1858 2262 1884 2294; x_wconf 89' lang='lat'>1.</span> <span class='ocrx_word' id='word_1_224' title='bbox 1903 2261 1931 2292; x_wconf 85' lang='lat'>9.</span> <span class='ocrx_word' id='word_1_225' title='bbox 1950 2261 2002 2292; x_wconf 81' lang='lat'>46.</span> 
     </span>
    </p>

    <p class='ocr_par' dir='ltr' id='par_1_15' title="bbox 258 2310 1598 2384">
     <span class='ocr_line' id='line_1_26' title="bbox 258 2310 1598 2384; baseline -0.001 -12"><span class='ocrx_word' id='word_1_226' title='bbox 258 2328 342 2382; x_wconf 90' lang='lat' dir='ltr'>Qui</span> <span class='ocrx_word' id='word_1_227' title='bbox 353 2342 441 2372; x_wconf 89' lang='lat' dir='ltr'>non</span> <span class='ocrx_word' id='word_1_228' title='bbox 454 2334 522 2372; x_wconf 88' lang='lat' dir='ltr'>est</span> <span class='ocrx_word' id='word_1_229' title='bbox 532 2328 679 2383; x_wconf 89' lang='lat' dir='ltr'>hodie,</span> <span class='ocrx_word' id='word_1_230' title='bbox 695 2342 792 2372; x_wconf 90' lang='lat' dir='ltr'>cras</span> <span class='ocrx_word' id='word_1_231' title='bbox 808 2329 955 2372; x_wconf 89' lang='lat' dir='ltr'>minus</span> <span class='ocrx_word' id='word_1_232' title='bbox 967 2333 1098 2384; x_wconf 87' lang='lat' dir='ltr'>aptus</span> <span class='ocrx_word' id='word_1_233' title='bbox 1110 2328 1193 2372; x_wconf 89' lang='lat' dir='ltr'>erit</span> <span class='ocrx_word' id='word_1_234' title='bbox 1206 2330 1285 2371; x_wconf 71' lang='lat' dir='ltr'>vicl.</span> <span class='ocrx_word' id='word_1_235' title='bbox 1300 2326 1386 2372; x_wconf 86' lang='lat' dir='ltr'>Sed</span> <span class='ocrx_word' id='word_1_236' title='bbox 1394 2310 1598 2382; x_wconf 74' lang='lat' dir='ltr'>propera.</span> 
     </span>
    </p>

    <p class='ocr_par' dir='ltr' id='par_1_16' title="bbox 257 2404 2008 2462">
     <span class='ocr_line' id='line_1_27' title="bbox 257 2404 2008 2462; baseline -0.001 -13"><span class='ocrx_word' id='word_1_237' title='bbox 257 2406 431 2461; x_wconf 86' lang='lat' dir='ltr'>Quippe</span> <span class='ocrx_word' id='word_1_238' title='bbox 462 2420 544 2452; x_wconf 88' lang='lat' dir='ltr'>nec</span> <span class='ocrx_word' id='word_1_239' title='bbox 575 2407 643 2450; x_wconf 90' lang='lat' dir='ltr'>ira</span> <span class='ocrx_word' id='word_1_240' title='bbox 673 2406 803 2450; x_wconf 89' lang='lat' dir='ltr'>deum</span> <span class='ocrx_word' id='word_1_241' title='bbox 835 2412 1022 2462; x_wconf 88' lang='lat' dir='ltr'>tantum,</span> <span class='ocrx_word' id='word_1_242' title='bbox 1060 2420 1141 2450; x_wconf 84' lang='lat' dir='ltr'>nee</span> <span class='ocrx_word' id='word_1_243' title='bbox 1171 2406 1274 2461; x_wconf 86' lang='lat' dir='ltr'>tela,</span> <span class='ocrx_word' id='word_1_244' title='bbox 1306 2418 1387 2449; x_wconf 86' lang='lat' dir='ltr'>nec</span> <span class='ocrx_word' id='word_1_245' title='bbox 1417 2404 1649 2459; x_wconf 82' lang='lat' dir='ltr'>l1osteS,sn.</span> <span class='ocrx_word' id='word_1_246' title='bbox 1673 2419 1747 2451; x_wconf 78' lang='lat' dir='ltr'>nal.</span> <span class='ocrx_word' id='word_1_247' title='bbox 1771 2418 1857 2450; x_wconf 85' lang='lat' dir='ltr'>Pun.</span> <span class='ocrx_word' id='word_1_248' title='bbox 1883 2414 1928 2450; x_wconf 88' lang='lat'>15.</span> <span class='ocrx_word' id='word_1_249' title='bbox 1952 2414 2008 2451; x_wconf 75' lang='lat'>94.</span> 
     </span>
    </p>

    <p class='ocr_par' dir='ltr' id='par_1_17' title="bbox 255 2484 1417 2540">
     <span class='ocr_line' id='line_1_28' title="bbox 255 2484 1417 2540; baseline -0.001 -13"><span class='ocrx_word' id='word_1_250' title='bbox 255 2491 468 2540; x_wconf 88' lang='lat' dir='ltr'>quantum</span> <span class='ocrx_word' id='word_1_251' title='bbox 501 2485 595 2529; x_wconf 90' lang='lat' dir='ltr'>sola</span> <span class='ocrx_word' id='word_1_252' title='bbox 624 2498 770 2540; x_wconf 81' lang='lat' dir='ltr'>noces,</span> <span class='ocrx_word' id='word_1_253' title='bbox 802 2485 962 2529; x_wconf 89' lang='lat' dir='ltr'>animis</span> <span class='ocrx_word' id='word_1_254' title='bbox 993 2485 1155 2540; x_wconf 88' lang='lat' dir='ltr'>illapsa</span> <span class='ocrx_word' id='word_1_255' title='bbox 1183 2484 1417 2539; x_wconf 83' lang='lat' dir='ltr'>Voluptas.</span> 
     </span>
    </p>

    <p class='ocr_par' dir='ltr' id='par_1_18' title="bbox 255 2561 2010 2697">
     <span class='ocr_line' id='line_1_29' title="bbox 255 2561 2010 2618; baseline -0.001 -13"><span class='ocrx_word' id='word_1_256' title='bbox 255 2562 339 2616; x_wconf 90' lang='lat' dir='ltr'>Qui</span> <span class='ocrx_word' id='word_1_257' title='bbox 372 2562 546 2618; x_wconf 86' lang='lat' dir='ltr'>quaerit</span> <span class='ocrx_word' id='word_1_258' title='bbox 577 2562 730 2606; x_wconf 87' lang='lat' dir='ltr'>Tatios</span> <span class='ocrx_word' id='word_1_259' title='bbox 762 2568 932 2607; x_wconf 83' lang='lat' dir='ltr'>veteres</span> <span class='ocrx_word' id='word_1_260' title='bbox 964 2562 1185 2617; x_wconf 89' lang='lat' dir='ltr'>durosque</span> <span class='ocrx_word' id='word_1_261' title='bbox 1217 2561 1419 2615; x_wconf 86' lang='lat' dir='ltr'>Sabinos,</span> <span class='ocrx_word' id='word_1_262' title='bbox 1599 2569 1931 2614; x_wconf 78' lang='lat' dir='ltr'>Prop.1·:1.111.32.</span> <span class='ocrx_word' id='word_1_263' title='bbox 1954 2569 2010 2607; x_wconf 78' lang='lat'>47.</span> 
     </span>
     <span class='ocr_line' id='line_1_30' title="bbox 342 2639 1367 2697; baseline 0 -14"><span class='ocrx_word' id='word_1_264' title='bbox 342 2640 416 2685; x_wconf 85' lang='lat' dir='ltr'>hic</span> <span class='ocrx_word' id='word_1_265' title='bbox 448 2641 596 2696; x_wconf 88' lang='lat' dir='ltr'>posuit</span> <span class='ocrx_word' id='word_1_266' title='bbox 626 2647 780 2685; x_wconf 90' lang='lat' dir='ltr'>nostra</span> <span class='ocrx_word' id='word_1_267' title='bbox 808 2653 950 2697; x_wconf 90' lang='lat' dir='ltr'>nuper</span> <span class='ocrx_word' id='word_1_268' title='bbox 979 2640 1025 2684; x_wconf 93' lang='lat' dir='ltr'>in</span> <span class='ocrx_word' id='word_1_269' title='bbox 1055 2640 1164 2683; x_wconf 91' lang='lat' dir='ltr'>urbe</span> <span class='ocrx_word' id='word_1_270' title='bbox 1195 2639 1367 2695; x_wconf 91' lang='lat' dir='ltr'>pedem.</span> 
     </span>
    </p>

    <p class='ocr_par' dir='ltr' id='par_1_19' title="bbox 260 2716 1591 2774">
     <span class='ocr_line' id='line_1_31' title="bbox 260 2716 1591 2774; baseline -0.002 -13"><span class='ocrx_word' id='word_1_271' title='bbox 260 2752 268 2761; x_wconf 85' lang='lat'>.</span> <span class='ocrx_word' id='word_1_272' title='bbox 289 2753 297 2761; x_wconf 97' lang='lat'>.</span> <span class='ocrx_word' id='word_1_273' title='bbox 318 2753 326 2761; x_wconf 93' lang='lat'>.</span> <span class='ocrx_word' id='word_1_274' title='bbox 345 2718 429 2773; x_wconf 87' lang='lat' dir='ltr'>Qui</span> <span class='ocrx_word' id='word_1_275' title='bbox 460 2724 580 2763; x_wconf 84' lang='lat' dir='ltr'>recte</span> <span class='ocrx_word' id='word_1_276' title='bbox 609 2718 781 2763; x_wconf 91' lang='lat' dir='ltr'>vivendi</span> <span class='ocrx_word' id='word_1_277' title='bbox 805 2724 1016 2774; x_wconf 86' lang='lat' dir='ltr'>prorogat</span> <span class='ocrx_word' id='word_1_278' title='bbox 1036 2718 1204 2762; x_wconf 89' lang='lat' dir='ltr'>horam.</span> <span class='ocrx_word' id='word_1_279' title='bbox 1229 2718 1309 2760; x_wconf 75' lang='lat' dir='ltr'>eid.</span> <span class='ocrx_word' id='word_1_280' title='bbox 1334 2716 1591 2760; x_wconf 89' lang='lat' dir='ltr'>Dimidium.</span> 
     </span>
    </p>

    <p class='ocr_par' dir='ltr' id='par_1_20' title="bbox 259 2795 1958 2852">
     <span class='ocr_line' id='line_1_32' title="bbox 259 2795 1958 2852; baseline -0.001 -13"><span class='ocrx_word' id='word_1_281' title='bbox 259 2795 347 2849; x_wconf 90' lang='lat' dir='ltr'>Qui</span> <span class='ocrx_word' id='word_1_282' title='bbox 380 2796 509 2852; x_wconf 90' lang='lat' dir='ltr'>sapit,</span> <span class='ocrx_word' id='word_1_283' title='bbox 541 2796 586 2839; x_wconf 90' lang='lat' dir='ltr'>in</span> <span class='ocrx_word' id='word_1_284' title='bbox 618 2797 753 2840; x_wconf 87' lang='lat' dir='ltr'>tacito</span> <span class='ocrx_word' id='word_1_285' title='bbox 785 2796 977 2852; x_wconf 86' lang='lat' dir='ltr'>gaudeat</span> <span class='ocrx_word' id='word_1_286' title='bbox 1007 2795 1082 2839; x_wconf 91' lang='lat' dir='ltr'>ille</span> <span class='ocrx_word' id='word_1_287' title='bbox 1114 2796 1226 2839; x_wconf 88' lang='lat' dir='ltr'>sinu.</span> <span class='ocrx_word' id='word_1_288' title='bbox 1598 2808 1675 2842; x_wconf 84' lang='lat' dir='ltr'>Tib.</span> <span class='ocrx_word' id='word_1_289' title='bbox 1699 2806 1748 2838; x_wconf 82' lang='grc' dir='ltr'>ΕΙ.</span> <span class='ocrx_word' id='word_1_290' title='bbox 1772 2806 1832 2842; x_wconf 88' lang='lat' dir='ltr'>1v.</span> <span class='ocrx_word' id='word_1_291' title='bbox 1857 2806 1907 2838; x_wconf 79' lang='lat'>13.</span> <span class='ocrx_word' id='word_1_292' title='bbox 1930 2806 1958 2838; x_wconf 82' lang='lat'>8.</span> 
     </span>
    </p>
   </div>
   <div class='ocr_carea' id='block_1_10' title="bbox 157 2886 1996 3021">
    <p class='ocr_par' dir='ltr' id='par_1_21' title="bbox 157 2886 1996 3021">
     <span class='ocr_line' id='line_1_33' title="bbox 157 2886 1996 2943; baseline 0.001 -13"><span class='ocrx_word' id='word_1_293' title='bbox 157 2891 239 2931; x_wconf 90' lang='grc'>915</span> <span class='ocrx_word' id='word_1_294' title='bbox 271 2887 355 2941; x_wconf 91' lang='lat' dir='ltr'>Qui</span> <span class='ocrx_word' id='word_1_295' title='bbox 387 2888 524 2931; x_wconf 88' lang='lat' dir='ltr'>semel</span> <span class='ocrx_word' id='word_1_296' title='bbox 555 2887 775 2943; x_wconf 83' lang='lat' dir='ltr'>adspexit,</span> <span class='ocrx_word' id='word_1_297' title='bbox 807 2893 1019 2943; x_wconf 87' lang='lat' dir='ltr'>quantum</span> <span class='ocrx_word' id='word_1_298' title='bbox 1051 2887 1235 2932; x_wconf 86' lang='lat' dir='ltr'>dimissa</span> <span class='ocrx_word' id='word_1_299' title='bbox 1264 2886 1416 2942; x_wconf 82' lang='lat' dir='ltr'>petitis</span> <span class='ocrx_word' id='word_1_300' title='bbox 1603 2899 1690 2933; x_wconf 77' lang='lat' dir='ltr'>nor.</span> <span class='ocrx_word' id='word_1_301' title='bbox 1713 2898 1821 2939; x_wconf 72' lang='lat' dir='ltr'>Epist.</span> <span class='ocrx_word' id='word_1_302' title='bbox 1843 2898 1869 2931; x_wconf 89' lang='lat'>1.</span> <span class='ocrx_word' id='word_1_303' title='bbox 1893 2898 1922 2930; x_wconf 84' lang='grc'>7.</span> <span class='ocrx_word' id='word_1_304' title='bbox 1944 2899 1996 2931; x_wconf 81' lang='lat'>96.</span> 
     </span>
     <span class='ocr_line' id='line_1_34' title="bbox 341 2964 1469 3021; baseline 0 -14"><span class='ocrx_word' id='word_1_305' title='bbox 341 2972 580 3021; x_wconf 83' lang='lat' dir='ltr'>praestent,</span> <span class='ocrx_word' id='word_1_306' title='bbox 612 2972 781 3009; x_wconf 90' lang='lat' dir='ltr'>mature</span> <span class='ocrx_word' id='word_1_307' title='bbox 812 2966 978 3021; x_wconf 89' lang='lat' dir='ltr'>redeat,</span> <span class='ocrx_word' id='word_1_308' title='bbox 1010 2971 1270 3021; x_wconf 86' lang='lat' dir='ltr'>repetatque</span> <span class='ocrx_word' id='word_1_309' title='bbox 1301 2964 1469 3008; x_wconf 85' lang='lat' dir='ltr'>relicta.</span> 
     </span>
    </p>
   </div>
   <div class='ocr_carea' id='block_1_11' title="bbox 262 3042 2023 3099">
    <p class='ocr_par' dir='ltr' id='par_1_22' title="bbox 262 3042 2023 3099">
     <span class='ocr_line' id='line_1_35' title="bbox 262 3042 2023 3099; baseline 0.002 -13"><span class='ocrx_word' id='word_1_310' title='bbox 262 3042 370 3097; x_wconf 89' lang='lat' dir='ltr'>Quis</span> <span class='ocrx_word' id='word_1_311' title='bbox 401 3043 554 3087; x_wconf 74' lang='lat' dir='ltr'>dives?</span> <span class='ocrx_word' id='word_1_312' title='bbox 584 3043 668 3097; x_wconf 91' lang='lat' dir='ltr'>Qui</span> <span class='ocrx_word' id='word_1_313' title='bbox 699 3044 762 3087; x_wconf 88' lang='lat' dir='ltr'>nil</span> <span class='ocrx_word' id='word_1_314' title='bbox 793 3044 954 3099; x_wconf 83' lang='lat' dir='ltr'>cupiat.</span> <span class='ocrx_word' id='word_1_315' title='bbox 1031 3043 1140 3097; x_wconf 86' lang='lat' dir='ltr'>Quis</span> <span class='ocrx_word' id='word_1_316' title='bbox 1170 3043 1370 3099; x_wconf 81' lang='lat' dir='ltr'>pauper?</span> <span class='ocrx_word' id='word_1_317' title='bbox 1400 3042 1585 3086; x_wconf 87' lang='lat' dir='ltr'>Avarus.</span> <span class='ocrx_word' id='word_1_318' title='bbox 1603 3054 1691 3087; x_wconf 73' lang='lat' dir='ltr'>Ans.</span> <span class='ocrx_word' id='word_1_319' title='bbox 1711 3056 1795 3094; x_wconf 72' lang='lat' dir='ltr'>sept.</span> <span class='ocrx_word' id='word_1_320' title='bbox 1812 3053 1887 3093; x_wconf 79' lang='lat' dir='ltr'>sap.</span> <span class='ocrx_word' id='word_1_321' title='bbox 1904 3053 1935 3085; x_wconf 80' lang='lat' dir='ltr'>S.</span> <span class='ocrx_word' id='word_1_322' title='bbox 1953 3052 1978 3087; x_wconf 90' lang='lat'>1.</span> <span class='ocrx_word' id='word_1_323' title='bbox 1994 3051 2023 3089; x_wconf 84' lang='lat'>3.</span> 
     </span>
    </p>
   </div>
   <div class='ocr_carea' id='block_1_12' title="bbox 259 3120 2023 3411">
    <p class='ocr_par' dir='ltr' id='par_1_23' title="bbox 268 3120 2023 3254">
     <span class='ocr_line' id='line_1_36' title="bbox 268 3120 2023 3176; baseline -0.001 -12"><span class='ocrx_word' id='word_1_324' title='bbox 268 3121 353 3175; x_wconf 91' lang='lat' dir='ltr'>Qui</span> <span class='ocrx_word' id='word_1_325' title='bbox 385 3121 522 3164; x_wconf 86' lang='lat' dir='ltr'>semel</span> <span class='ocrx_word' id='word_1_326' title='bbox 554 3127 621 3164; x_wconf 81' lang='lat' dir='ltr'>est</span> <span class='ocrx_word' id='word_1_327' title='bbox 651 3122 798 3165; x_wconf 86' lang='lat' dir='ltr'>laesus</span> <span class='ocrx_word' id='word_1_328' title='bbox 829 3121 978 3164; x_wconf 84' lang='lat' dir='ltr'>fallaci</span> <span class='ocrx_word' id='word_1_329' title='bbox 1010 3121 1145 3176; x_wconf 88' lang='lat' dir='ltr'>piscis</span> <span class='ocrx_word' id='word_1_330' title='bbox 1177 3121 1233 3164; x_wconf 88' lang='lat' dir='ltr'>ab</span> <span class='ocrx_word' id='word_1_331' title='bbox 1264 3120 1409 3175; x_wconf 86' lang='lat' dir='ltr'>hamo,</span> <span class='ocrx_word' id='word_1_332' title='bbox 1598 3132 1758 3164; x_wconf 74' lang='lat' dir='ltr'>Ovid.0x</span> <span class='ocrx_word' id='word_1_333' title='bbox 1778 3131 1927 3163; x_wconf 66' lang='lat' dir='ltr'>Pontu.</span> <span class='ocrx_word' id='word_1_334' title='bbox 1948 3131 2023 3165; x_wconf 65' lang='lat' dir='ltr'>ze.</span> 
     </span>
     <span class='ocr_line' id='line_1_37' title="bbox 343 3199 1352 3254; baseline 0 -13"><span class='ocrx_word' id='word_1_335' title='bbox 343 3199 546 3242; x_wconf 86' lang='lat' dir='ltr'>omnibus</span> <span class='ocrx_word' id='word_1_336' title='bbox 577 3212 692 3242; x_wconf 88' lang='lat' dir='ltr'>unca</span> <span class='ocrx_word' id='word_1_337' title='bbox 722 3199 832 3243; x_wconf 82' lang='lat' dir='ltr'>cibis</span> <span class='ocrx_word' id='word_1_338' title='bbox 863 3212 969 3243; x_wconf 87' lang='lat' dir='ltr'>aera</span> <span class='ocrx_word' id='word_1_339' title='bbox 998 3199 1181 3242; x_wconf 87' lang='lat' dir='ltr'>subesse</span> <span class='ocrx_word' id='word_1_340' title='bbox 1214 3204 1352 3254; x_wconf 86' lang='lat' dir='ltr'>put-at.</span> 
     </span>
    </p>

    <p class='ocr_par' dir='ltr' id='par_1_24' title="bbox 259 3275 2009 3333">
     <span class='ocr_line' id='line_1_38' title="bbox 259 3275 2009 3333; baseline -0.001 -14"><span class='ocrx_word' id='word_1_341' title='bbox 259 3309 268 3319; x_wconf 95' lang='lat'>.</span> <span class='ocrx_word' id='word_1_342' title='bbox 293 3310 301 3319; x_wconf 98' lang='lat'>.</span> <span class='ocrx_word' id='word_1_343' title='bbox 321 3310 330 3319; x_wconf 92' lang='lat'>.</span> <span class='ocrx_word' id='word_1_344' title='bbox 350 3275 459 3330; x_wconf 89' lang='lat' dir='ltr'>Quis</span> <span class='ocrx_word' id='word_1_345' title='bbox 491 3276 609 3320; x_wconf 88' lang='lat' dir='ltr'>euim</span> <span class='ocrx_word' id='word_1_346' title='bbox 641 3276 825 3320; x_wconf 87' lang='lat' dir='ltr'>invitum</span> <span class='ocrx_word' id='word_1_347' title='bbox 858 3289 1033 3320; x_wconf 86' lang='lat' dir='ltr'>servare</span> <span class='ocrx_word' id='word_1_348' title='bbox 1064 3276 1267 3320; x_wconf 81' lang='lat' dir='ltr'>laboret?</span> <span class='ocrx_word' id='word_1_349' title='bbox 1407 3330 1410 3333; x_wconf 9' lang='grc' dir='ltr'><em>Α</em></span> <span class='ocrx_word' id='word_1_350' title='bbox 1599 3287 1681 3319; x_wconf 80' lang='lat' dir='ltr'>Hor.</span> <span class='ocrx_word' id='word_1_351' title='bbox 1705 3285 1813 3326; x_wconf 72' lang='lat' dir='ltr'>Epist.</span> <span class='ocrx_word' id='word_1_352' title='bbox 1836 3286 1861 3318; x_wconf 91' lang='lat'>1.</span> <span class='ocrx_word' id='word_1_353' title='bbox 1885 3286 1935 3318; x_wconf 81' lang='lat'>20.</span> <span class='ocrx_word' id='word_1_354' title='bbox 1959 3286 2009 3318; x_wconf 76' lang='lat'>16.</span> 
     </span>
    </p>

    <p class='ocr_par' dir='ltr' id='par_1_25' title="bbox 264 3353 2009 3411">
     <span class='ocr_line' id='line_1_39' title="bbox 264 3353 2009 3411; baseline -0.001 -14"><span class='ocrx_word' id='word_1_355' title='bbox 264 3353 435 3409; x_wconf 88' lang='lat' dir='ltr'>...Qui</span> <span class='ocrx_word' id='word_1_356' title='bbox 465 3353 550 3399; x_wconf 85' lang='lat' dir='ltr'>sibi</span> <span class='ocrx_word' id='word_1_357' title='bbox 580 3353 691 3411; x_wconf 87' lang='lat' dir='ltr'>fidit,</span> <span class='ocrx_word' id='word_1_358' title='bbox 722 3354 824 3399; x_wconf 82' lang='lat' dir='ltr'>Dux</span> <span class='ocrx_word' id='word_1_359' title='bbox 854 3354 967 3411; x_wconf 83' lang='lat' dir='ltr'>regit</span> <span class='ocrx_word' id='word_1_360' title='bbox 998 3366 1212 3400; x_wconf 81' lang='lat' dir='ltr'>examen..</span> <span class='ocrx_word' id='word_1_361' title='bbox 1598 3365 1681 3398; x_wconf 78' lang='lat' dir='ltr'>Hor.</span> <span class='ocrx_word' id='word_1_362' title='bbox 1704 3364 1812 3405; x_wconf 68' lang='lat' dir='ltr'>Epist.</span> <span class='ocrx_word' id='word_1_363' title='bbox 1834 3365 1862 3400; x_wconf 92' lang='lat'>1.</span> <span class='ocrx_word' id='word_1_364' title='bbox 1885 3363 1936 3396; x_wconf 79' lang='lat'>19.</span> <span class='ocrx_word' id='word_1_365' title='bbox 1958 3364 2009 3396; x_wconf 77' lang='lat'>22.</span> 
     </span>
    </p>
   </div>
  </div>
 </body>
</html>
