2164 3666
239 311 462 355 Ponamus
491 311 652 355 nimios
684 311 893 366 gemitus:
924 308 1184 365 flagrantior
1214 321 1356 364 aequo

242 403 330 433 non
362 389 495 434 debet
525 388 653 433 dolor
683 402 780 433 esse
810 388 894 431 viri
923 401 1006 431 nec
1036 387 1216 431 vulnere
1246 385 1400 442 major.

241 467 519 523 ...Populus
549 480 619 510 me
651 466 814 522 sibilat,
845 471 891 509 at
920 465 1030 509 mihi
1058 464 1222 520 plaudo

242 545 338 600 ipse
370 544 502 600 domi,
535 545 666 588 simul
697 557 748 588 ac
778 557 982 588 nummos
1013 543 1289 598 contemplor
1318 542 1365 585 in
1396 554 1513 586 arca.

238 622 495 678 Post-hume,
525 636 614 666 non
644 622 757 666 bene
788 622 891 678 olet,
923 622 999 676 qui
1028 621 1142 665 bene
1173 633 1350 675 semper
1379 620 1484 664 olet.

127 704 209 744 845
241 700 350 745 Post
386 700 643 744 inimicitias
674 700 787 743 iram
816 699 1070 744 meminisse
1099 698 1317 742 malorum
1348 703 1428 742 est.

243 778 435 822 ...Post
470 778 625 822 nubila
653 774 874 822 Phoebus.

241 856 414 900 Praeda
443 870 603 900 canum
632 856 759 911 lepus
791 861 871 900 est.

242 934 621 979 ...Praeveniens
652 934 875 989 quondam
905 939 973 978 est
1001 931 1281 977 incommoda
1311 932 1463 976 virtus.

240 1013 456 1057 ...Pravi
486 1012 643 1057 docilis
673 1012 878 1056 Romana
899 1012 1123 1068 juventus.

238 1091 413 1135 Primus
444 1091 491 1134 in
522 1091 628 1134 orbe
661 1090 767 1134 deos
798 1090 907 1153 fecit¹
934 1090 1086 1134 timor.

125 1171 209 1213 850
238 1169 523 1225 Principibus
553 1169 776 1225 placuisse
807 1169 914 1213 viris
944 1182 1033 1212 non
1063 1168 1221 1212 ultima
1250 1168 1348 1212 laus
1379 1172 1460 1210 est.

240 1248 476 1303 Principiis
508 1248 658 1292 obsta:
690 1260 788 1292 sero
818 1247 1040 1292 medicina
1067 1251 1253 1302 paratur

327 1340 460 1382 quum
491 1326 610 1369 mala
638 1339 720 1382 per
748 1325 903 1381 longas
933 1325 1196 1369 convaluere
1226 1337 1385 1368 moras.

239 1405 462 1460 Principis
493 1410 561 1448 est
589 1404 729 1448 virtus
759 1404 967 1460 maxima,
997 1416 1127 1447 nosse
1159 1416 1276 1447 suos.

240 1483 396 1527 Prisca
419 1483 576 1539 juvent
605 1482 740 1538 alios3
774 1495 854 1538 ego
885 1495 955 1526 me
985 1494 1103 1525 nunc
1133 1481 1323 1537 denique
1353 1485 1506 1524 natum

327 1562 544 1616 gratulor:
574 1561 688 1605 haec
718 1566 843 1605 aetas
873 1560 1071 1603 moribus
1102 1564 1208 1615 apta
1237 1559 1362 1603 meis.

244 1640 533 1684 ...Probitas
565 1639 772 1684 laudatur
802 1644 847 1683 et
877 1638 1008 1694 alget.

128 1721 211 1762 855
242 1718 329 1762 Pro
361 1724 495 1773 captu
524 1718 704 1762 lectoris
735 1718 904 1761 habent
935 1730 1015 1761 sua
1045 1716 1139 1760 fata
1168 1715 1320 1760 libelli.

243 1796 488 1841 ...Procul
519 1795 635 1839 absit
666 1795 808 1851 gloria
836 1795 955 1851 vulgi
986 1796 1068 1839 vid.
1100 1794 1175 1838 Nil
1199 1807 1322 1850 opus.

239 1874 457 1930 Prodigus
490 1882 534 1917 et
565 1874 727 1918 stultus
759 1874 895 1917 donat
926 1886 1038 1928 quae
1071 1873 1242 1928 spernit
1271 1877 1316 1916 et
1346 1870 1454 1915 odit.

240 1952 326 1996 Pro
357 1952 479 1996 lucro
511 1952 593 1995 tibi
623 1965 738 2008 pone
769 1951 886 1996 ‹liem
917 1965 1178 2007 quocunque
1208 1951 1401 1995 laboras.

241 2030 389 2075 Prona
418 2031 538 2074 venit
568 2030 742 2086 cupidis
772 2030 819 2073 in
850 2044 930 2074 sua
958 2035 1062 2074 vota
1090 2029 1215 2074 fides.

239 2109 326 2153 Pro
358 2109 530 2164 Superi,
562 2115 775 2164 quantum
806 2108 1014 2152 mortalia
1042 2113 1226 2163 pectora
1256 2119 1415 2151 caecae
1442 2151 1457 2160 .
1492 2160 1494 2162 Ι

243 2187 387 2231 noctis
418 2187 599 2231 habent.

129 2268 213 2309 860
243 2265 452 2310 Protinus
484 2265 539 2309 ad
571 2279 771 2320 censum3
805 2264 859 2308 de
890 2265 1087 2309 moribus
1116 2263 1275 2307 ultima
1303 2262 1380 2307 fiet

243 2344 457 2399 quaestio.

243 2422 449 2466 Pulchris
481 2427 599 2465 stare
630 2421 707 2464 diu
736 2421 977 2464 Parcarum
1007 2420 1104 2476 lege
1134 2425 1342 2476 negatum

331 2513 494 2555 magna
522 2504 705 2555 repente
735 2504 883 2554 ruunt,
916 2511 1089 2542 summa
1118 2498 1284 2542 cadunt
1314 2498 1476 2542 subito.

246 2578 573 2622 ...Pulchrum
605 2583 672 2621 est
704 2577 784 2620 vid.
816 2576 876 2620 At
906 2576 1140 2632 pulchrum
1171 2581 1251 2620 est.

245 2706 385 2789 Quae
417 2741 541 2778 casta
571 2734 667 2778 est?
698 2733 752 2777 (le
783 2746 872 2788 qua
901 2732 1080 2776 mentiri
1111 2731 1232 2776 fama
1261 2736 1448 2776 veretur.

224 2805 368 2866 'Quae
400 2813 579 2868 culpare
611 2812 742 2867 soleS‚
774 2825 827 2855 ea
856 2817 905 2854 tu
935 2824 989 2854 ne
1020 2810 1178 2855 feceris
1209 2810 1318 2866 ipse.

253 2891 488 2944 Quaelibet
517 2890 644 2933 iratis
675 2890 772 2945 ipse
803 2889 880 2933 dat
910 2902 1036 2933 arma
1065 2888 1204 2934 dolor.

1570 320 1652 352 Juv.
1675 319 1746 351 sat.
1770 320 1821 351 1³.
1844 320 1897 354 11.

1575 477 1658 508 Hor.
1681 475 1752 507 Sat.
1773 475 1799 508 1.
1822 475 1851 507 1.
1873 476 1926 507 66.

1571 633 1674 666 Mart.
1698 631 1814 672 Epigr.
1837 630 1880 662 11.
1897 630 1948 661 12.
1963 629 1995 662 4.

1573 712 1678 745 Dion.
1701 709 1775 742 Cat.
1798 709 1888 742 mat.
1904 708 1934 739 l.
1949 707 2004 740 15.

1778 787 1794 819 ‘s’

1573 867 1677 900 Mart.
1699 865 1820 906 Epigr.
1844 865 1871 896 Ι.
1896 865 1949 896 22.
1973 864 2008 897 5.

1575 943 1670 976 Grat.
1697 943 1768 975 Fal.
1784 942 1915 983 Cyneg.
1931 942 2004 974 500.

1579 1023 1663 1054 Hor.
1677 1021 1746 1054 Sat.
1767 1021 1812 1055 11.
1835 1021 1865 1052 2.
1888 1021 1938 1052 52.

1571 1101 1710 1132 Petron.
1731 1100 1769 1132 in
1792 1101 1934 1139 superst.
1962 1099 1990 1132 1.

1576 1185 1660 1219 Hor.
1683 1184 1791 1224 Epist.
1813 1184 1841 1219 Ι.
1865 1183 1916 1215 17.
1940 1183 1992 1215 35.

1580 1262 1680 1296 Ovid.
1703 1262 1800 1296 Rem.
1823 1261 1876 1293 91.

1575 1419 1676 1451 Mart.
1685 1417 1801 1458 Epigr.
1810 1418 1902 1450 Vm.
1911 1414 1961 1451 15.
1973 1415 2004 1451 8.

1565 1476 1681 1529 cvm.
1697 1495 1771 1528 Art.
1787 1495 1867 1528 Am.
1885 1495 1914 1527 3.
1931 1495 2004 1526 121.

1578 1653 1661 1687 Juv.
1684 1651 1755 1687 Sat.
1779 1652 1808 1686 1.
1833 1651 1883 1683 74.

1579 1732 1718 1764 Terent.
1741 1729 1850 1762 Maur.
1873 1729 1967 1760 1286.

1579 1887 1662 1921 Hor.
1685 1886 1793 1926 Epist.
1815 1886 1842 1919 Ι,
1865 1884 1896 1915 7.
1919 1884 1971 1915 20.

1578 1966 1680 1998 Dion.
1705 1964 1778 1997 Cat.
1796 1963 1883 1995 Dist.
1907 1962 1936 1994 1.
1953 1961 2008 1996 3³.

1578 2043 1678 2076 Ovid.
1699 2042 1772 2075 Art.
1791 2041 1871 2073 Am.
1887 2040 1918 2075 3.
1935 2040 2008 2072 6⁷4.

1578 2121 1678 2154 Ovid.
1702 2120 1784 2153 Met.
1808 2120 1838 2151 6.
1861 2119 1933 2152 4⁷2.

1579 2278 1661 2310 Juv.
1684 2277 1753 2308 Sat.
1777 2276 1806 2307 3.
1831 2276 1900 2310 140.

1581 2432 1698 2467 Claud.
1721 2432 1838 2472 Epigr.
1861 2431 1911 2462 36.
1936 2430 1965 2461 1.

1583 2744 1767 2783 Aus.sept.
1788 2742 1821 2775 S.
1842 2741 2006 2775 Sent.1.5.

1583 2824 1686 2856 Dion.
1710 2820 1783 2854 Cat.
1806 2819 1894 2851 nist.
1919 2819 1946 2850 1.
1959 2818 2011 2849 30.

1585 2899 1686 2933 ovid.
1709 2899 1788 2930 Her.
1811 2897 1841 2928 6.
1864 2896 1936 2929 140.

132 2972 214 3012 865
247 2970 369 3022 Quae
387 2968 516 3012 modo
538 2973 804 3024 pugnarunt,
829 2967 1022 3023 jungunt
1052 2980 1132 3011 sua
1151 2971 1298 3010 rostra
1320 2965 1564 3010 columbae.
1582 2978 1683 3012 ovid.
1706 2979 1781 3009 Art.
1797 2974 1876 3007 Am.
1891 2975 1921 3006 2.
1937 2973 2012 3007 46⁶.

249 3047 371 3101 Quae
402 3045 596 3090 nondum
627 3045 733 3089 data
762 3051 877 3100 sunt,
909 3045 1057 3101 stulte,
1093 3051 1254 3100 negata
1283 3044 1446 3100 putas?

253 3125 375 3178 Quae
406 3124 538 3167 nimis
569 3129 788 3180 apparent
821 3123 937 3167 retia
965 3123 1075 3166 vitat
1105 3122 1211 3167 avis.

250 3202 372 3256 Quae
403 3203 588 3258 praebet
624 3203 705 3244 vid.
737 3200 852 3245 Nam
883 3215 1018 3245 mora.

249 3279 449 3335 „Quaere
479 3279 788 3335 peregrinum“
819 3279 982 3323 vicinia
1015 3291 1152 3323 rauca
1179 3278 1405 3323 reclamat.

1587 3057 1687 3089 Mart.
1702 3054 1817 3095 Epigr.
1833 3053 1892 3085 VI.
1907 3053 1952 3087 10.
1964 3053 2012 3086 12.

1584 3133 1685 3167 Ovid.
1707 3133 1802 3164 Rem.
1825 3131 1896 3166 ⁶1⁶.

1588 3289 1670 3322 Hor.
1693 3287 1800 3328 Epist.
1822 3287 1848 3319 1.
1872 3286 1922 3318 17.
1944 3285 1996 3317 82.

251 3358 348 3413 Qua
383 3357 547 3403 flumen
577 3357 801 3414 placidum
833 3362 901 3402 est
931 3356 1082 3402 forsan
1117 3357 1226 3402 latet
1255 3355 1388 3400 altius
1418 3353 1549 3399 unda.
1588 3364 1692 3400 mon:
1715 3365 1789 3399 cat.
1806 3364 1894 3398 mat.
1909 3364 1941 3397 4.
1956 3363 1996 3395 81
