2164 3666
827 211 1196 258 ..3—

170 389 181 401 .
200 389 210 401 .
228 389 239 400 .
255 355 318 401 At
345 356 458 402 haec
486 356 656 401 animos
686 369 849 412 aerugo
879 361 924 400 et
952 370 1060 402 cura
1086 357 1233 413 peculi
1517 370 1601 402 nor.
1624 369 1735 410 Epist.
1758 368 1799 400 11.
1822 369 1851 400 3.
1874 369 1947 399 330.

168 446 303 489 quum
331 433 469 477 semel
497 433 718 489 imbuerit,
750 446 978 489 speramus
1009 436 1207 478 carmina
1236 435 1343 490 fingi

27 558 34 567 ‚
165 522 296 566 posse
325 509 506 554 linenda
535 510 666 554 cedro
697 516 742 554 et
770 511 855 555 levi
886 512 1102 555 servanda
1131 514 1373 567 cupresso?

22 616 33 639 3
83 589 139 632 45
166 585 346 639 Annon
375 587 552 644 ingenio
583 588 832 642 quaesitum
860 602 1019 632 nomen
1050 590 1106 632 ab
1139 603 1248 633 aevo
1520 601 1621 640 Prop.
1645 599 1695 630 ει.
1717 600 1776 631 1v.
1798 601 1828 630 2.
1851 599 1902 633 23.

254 662 451 709 excidet:
481 664 658 720 ingenio
689 669 778 708 stat
807 666 903 710 sine
934 666 1074 710 1'norte
1104 666 1251 710 decus.

166 740 229 785 At
254 741 488 797 pulchrum
518 747 586 786 est
615 741 753 797 digito
783 744 1020 787 monstrari
1050 749 1095 787 et
1125 744 1280 788 dicier:
1311 744 1385 788 hic
1406 746 1493 788 est!
1515 754 1606 786 rem
1629 754 1699 785 sat.
1724 754 1750 784 1.
1774 754 1826 786 28.

166 818 228 862 At
259 818 336 875 qui
355 818 516 864 tantuli
546 825 665 875 eget,
696 826 860 876 quanto
890 827 958 864 est
987 834 1111 876 opus,
1142 821 1180 864 is
1209 835 1352 877 neque
1382 822 1488 866 limo
1518 831 1602 863 nor.
1625 831 1695 862 sat.
1718 830 1742 862 1.
1767 831 1795 862 1.
1818 832 1868 862 59.

166 895 390 939 turbatam
409 895 558 940 haurit
579 909 752 952 aquam,
772 911 915 953 neque
936 898 1070 942 vitam
1091 898 1256 942 amittit
1277 899 1322 942 in
1352 887 1497 943 undis.

167 971 259 1028 (At)
289 973 328 1016 si
357 971 535 1017 divitiae
564 974 827 1029 prudentem
858 975 1041 1019 reddere
1071 978 1270 1030 possent!
1518 983 1599 1015 nor.
1622 983 1730 1023 Epist.
1752 984 1795 1015 11.
1817 986 1846 1015 2.
1872 985 1943 1015 155.

20 1100 22 1103 .
165 1049 228 1093 At
256 1049 296 1094 si
323 1049 477 1095 tardus
507 1051 609 1107 eris,
639 1052 828 1097 errabis:
859 1053 1047 1097 transiet
1077 1058 1212 1097 aetas.
1516 1061 1592 1092 Tib.
1614 1060 1666 1092 El.
1688 1061 1712 1091 1.
1734 1061 1765 1092 4.
1787 1061 1838 1092 27.

24 1145 39 1182 ᾳ
78 1128 136 1171 50
165 1160 175 1171 .
197 1160 208 1171 .
231 1160 241 1171 .
262 1126 324 1170 At
351 1139 484 1172 suave
515 1133 596 1183 est,
627 1142 682 1172 ex
712 1142 868 1184 magno
898 1130 1056 1174 tollere
1086 1143 1256 1174 acervo.
1513 1138 1594 1169 lior.
1617 1138 1687 1169 sat.
1710 1138 1735 1170 1.
1759 1138 1786 1169 1.
1810 1138 1860 1169 5ι.

164 1194 410 1250 Attenuent
429 1204 641 1261 juvenum
670 1206 875 1262 vigilatae
906 1221 1091 1263 corpora
1120 1213 1285 1251 noctes.
1515 1215 1615 1246 ovid.
1633 1214 1706 1247 Art.
1722 1214 1800 1247 Am.
1834 1215 1943 1246 ι.735.

164 1280 226 1325 At
253 1286 316 1338 tu,
346 1281 450 1326 dum
479 1282 612 1338 primi
641 1282 771 1327 floret
798 1285 881 1328 tibi
911 1285 1123 1340 temporis
1153 1290 1289 1339 aetas,
1518 1292 1593 1323 Tib.
1615 1291 1666 1323 131.
1688 1292 1714 1324 1.
1736 1293 1766 1324 s.
1788 1292 1838 1323 47.

249 1363 393 1404 utere:
423 1372 512 1404 non
542 1360 669 1404 tardo
700 1361 865 1405 labitur
895 1361 972 1405 illa
1001 1361 1127 1416 pede.

163 1435 332 1484 Auctor
359 1437 454 1481 abit
483 1437 651 1493 operis:
682 1437 759 1484 sed
789 1444 937 1483 tamen
967 1444 1091 1483 extat
1120 1453 1243 1495 opus.
1518 1445 1653 1478 Conwl.
1675 1445 1719 1478 ul
1741 1445 1815 1477 niv.
1838 1446 1909 1477 238.

163 1513 333 1559 Auctor
362 1527 472 1571 opus
502 1514 666 1559 laudat.
1514 1522 1613 1555 ovid.
1626 1531 1669 1554 ex
1682 1522 1784 1555 rom.
1795 1523 1854 1555 111.
1868 1524 1896 1554 9.
1912 1524 1942 1554 9.

165 1624 176 1636 .
198 1625 209 1636 .
231 1624 242 1635 .
262 1590 465 1635 Audacia
493 1598 610 1636 certe
639 1592 759 1636 Laus
790 1594 875 1637 erit
906 1582 985 1637 hid.
1020 1593 1187 1648 Quodsi
1218 1593 1437 1638 deficiant.

26 1659 27 1662 ¹
78 1669 135 1713 55
163 1667 380 1713 Audendo
410 1681 594 1724 magnus
623 1670 786 1725 tegitur
815 1671 958 1715 timor.
1515 1677 1632 1709 Luoen
1656 1677 1772 1709 Pham
1795 1677 1825 1708 4.
1850 1678 1919 1709 m.

162 1745 428 1791 Audendum
458 1750 547 1790 est:
579 1745 715 1791 fortes
746 1747 923 1803 adjuvat
953 1748 1051 1803 ipsa
1078 1748 1242 1792 Venus.
1518 1755 1594 1787 rib.
1618 1754 1668 1786 ni.
1690 1755 1716 1787 1.
1739 1756 1768 1786 2.
1794 1755 1842 1785 13.

165 1856 175 1867 .
197 1856 208 1867 .
231 1856 240 1866 .
262 1822 510 1867 Audentem
540 1823 718 1879 forsque
748 1824 985 1880 Venusque
1008 1824 1178 1880 juvant.
1519 1832 1618 1864 ovid.
1636 1832 1709 1864 Art.
1728 1831 1805 1864 Am.
1823 1833 1849 1863 ι.
1867 1833 1940 1863 coe.

162 1899 391 1944 Audentes
421 1900 530 1945 deus
561 1901 656 1956 ipse
679 1901 816 1957 juvat.
1515 1909 1615 1941 ovid.
1637 1909 1718 1940 Met.
1742 1909 1791 1940 10.
1815 1909 1887 1940 533.

36 2027 38 2029 ,
162 1976 390 2022 Audentes
419 1977 619 2022 Fortuna
641 1978 779 2034 juvat.
1515 1987 1617 2026 Van-g.
1640 1986 1727 2018 Aen.
1751 1986 1800 2017 ιο.
1823 1986 1895 2017 2⁸4.

35 2059 40 2074 ¹·
78 2055 136 2099 60
163 2054 419 2099 Auferimur
447 2055 585 2099 cultu:
617 2056 800 2111 gemmis
830 2069 1024 2112 auroque
1055 2063 1261 2112 teguntur
1515 2064 1616 2095 ovid.
1640 2064 1734 2095 Rem
1758 2063 1828 2094 8⁴³·

248 2132 415 2186 omnia3
446 2145 551 2187 pars
580 2133 763 2177 minima
793 2140 860 2178 est
890 2134 988 2189 ipsa
1016 2135 1166 2190 puella
1196 2136 1276 2179 sui.

162 2208 312 2252 Aurea
340 2222 456 2252 nunc
485 2223 586 2253 vere
617 2215 719 2254 sunt
749 2211 943 2255 saecula:
974 2212 1189 2267 plurimus
1220 2226 1328 2256 auro
1514 2217 1938 2252 Ovid.A1-t.Am.·2.277.

246 2286 368 2343 venit
395 2286 550 2342 honos,
582 2301 688 2331 auro
719 2288 981 2332 conciliatur
1010 2302 1146 2333 amor.

163 2362 259 2418 ipse
287 2363 393 2407 licet
420 2363 562 2408 Musis
591 2365 742 2409 venias
771 2365 1019 2421 comitatus,
1049 2366 1260 2411 Homere:

248 2441 287 2485 si
316 2440 428 2484 nihil
458 2441 674 2496 attuleris,
704 2442 804 2496 ibis,
834 2442 1025 2487 Homere
1041 2443 1173 2488 foras.

164 2517 274 2561 Auri
304 2530 463 2562 caecus
493 2531 617 2562 amor
647 2518 768 2563 ducit
783 2520 832 2563 in
862 2534 991 2565 omne
1020 2521 1158 2566 nefas.
1511 2534 1613 2568 Rutu.
1636 2534 1717 2568 mn.
1742 2535 1769 2565 1.
1794 2535 1864 2565 358.

162 2594 286 2638 Auro
313 2594 444 2650 pulsa
470 2594 595 2651 fides,
625 2609 732 2640 auro
762 2598 935 2642 venalia
956 2598 1072 2654 jura,
1516 2612 1614 2650 erup.
1639 2611 1687 2642 131.
1711 2611 1767 2642 ιν.
1793 2611 1840 2641 13.
1865 2611 1914 2642 43.

247 2685 401 2716 aurum
430 2672 503 2716 lex
533 2674 742 2728 sequitur,
773 2688 875 2718 mox
905 2676 999 2719 sine
1030 2676 1124 2731 lege
1155 2676 1311 2731 pudor.

162 2748 331 2792 Aurum
361 2754 405 2793 et
433 2763 540 2806 opes
569 2756 615 2795 et
642 2765 747 2795 rura
775 2751 981 2807 frequens
1012 2753 1195 2797 donabit
1225 2753 1411 2798 amicus:
1505 2765 1932 2805 Mart.sspigr.vm.1s.9.

50 2878 54 2885 .
247 2826 322 2882 qui
351 2827 458 2871 velit
486 2827 662 2883 ingenio
692 2828 862 2883 cedere,
891 2842 1017 2873 rarus
1049 2830 1145 2874 erit.

79 2904 133 2945 85
163 2902 332 2946 Aurum
362 2910 574 2960 spectato,
604 2919 692 2949 non
723 2919 834 2961 quae
864 2920 1019 2951 manus
1050 2908 1206 2951 afferat
1237 2921 1403 2952 aurum.
1511 2920 1610 2959 Prop.
1635 2919 1685 2950 ΕΙ.
1710 2919 1750 2950 v.
1774 2920 1803 2950 5.
1827 2920 1877 2950 53.

162 2979 253 3023 Aut
280 2991 369 3024 non
397 2982 598 3037 tentaris,
629 2989 706 3026 aut
734 2983 910 3039 perfice.
1512 2997 1610 3028 ovid.
1627 2996 1699 3028 Art.
1716 2992 1798 3028 Am.
1816 2997 1845 3028 1.
1860 2998 1931 3028 389.

161 3056 252 3100 Aut
280 3057 489 3113 prodesse
518 3059 683 3115 volunt,
714 3066 790 3104 aut
819 3061 1041 3105 delectare
1069 3066 1241 3117 poetae,
1511 3073 1593 3106 Hor.
1616 3073 1722 3114 Epist„
1746 3074 1786 3106 11.
1810 3075 1839 3105 3.
1862 3075 1933 3105 333.

161 3139 238 3176 aut
267 3134 396 3177 simul
427 3140 471 3178 et
493 3135 692 3190 jucunda
720 3142 765 3181 et
794 3137 955 3182 idonea
983 3138 1127 3182 dicere
1157 3139 1286 3182 vitae.

162 3242 172 3253 .
195 3243 204 3254 .
228 3243 237 3253 .
259 3210 350 3254 Aut
378 3211 515 3255 virtus
545 3226 704 3257 nomen
734 3214 863 3258 inane
895 3221 974 3269 est,
1510 3228 1590 3259 nor.
1613 3227 1719 3267 Epist.
1741 3228 1765 3259 1.
1790 3228 1838 3259 1⁷.
1861 3229 1911 3259 41.

161 3292 248 3354 aut.
266 3286 399 3332 decus
430 3293 474 3332 et
502 3289 694 3344 pretium
722 3297 842 3335 recte
872 3292 984 3347 petit
1015 3293 1247 3347 experiens
1279 3293 1357 3336 vir.

163 3396 174 3408 .
195 3396 206 3408 .
227 3396 238 3408 .
259 3363 391 3409 Avidi
420 3365 580 3411 veteris
610 3366 842 3413 mendacia
869 3368 1013 3413 famae
1043 3368 1266 3414 Eruimus.
1512 3381 1615 3414 Lucu
1639 3381 1739 3414 Aeta.
1763 3381 1836 3415 533.
