2164 3666
303 290 483 336 Fortem
511 303 646 347 posce
676 290 870 335 animum
899 292 981 336 vid.
1012 290 1252 337 Orandum.

190 369 275 411 340
303 367 511 412 Fortibus
542 373 609 412 est
638 367 815 412 fortuna
844 368 949 412 viris
979 369 1095 414 data.
1632 384 1719 417 nnn.
1743 386 1866 418 Annat.
1889 387 1959 418 2⁶2.

302 444 481 489 Fortior
510 445 556 488 in
585 445 706 488 fulva
734 458 872 489 novus
902 452 970 489 est
1000 446 1191 490 luctator
1220 459 1366 491 arena.
1623 461 1722 494 ovid.
1745 463 1845 495 ‘ru-at
1862 464 1920 495 iv.
1945 464 1973 495 6.
1996 464 2051 496 al.

295 504 499 567 ¹Fortiter
527 523 603 566 ille
633 522 753 578 facit,
785 523 859 578 qui
890 523 1023 567 miser
1053 536 1150 567 esse
1178 531 1322 579 potest
1355 525 1435 567 vid.
1466 523 1628 569 Rebus.

302 598 480 656 Fortius
510 599 682 655 ignotas
714 600 917 643 molimur
946 606 1126 655 pectore
1156 614 1297 644 curas.
1620 614 1724 646 Lucu
1748 616 1849 648 Aeta.
1871 618 1922 648 24.

302 709 313 720 .
331 709 341 720 .
359 709 369 720 .
386 675 586 720 Fortuna.
615 676 863 720 miserrima
891 682 989 720 tuta
1017 683 1097 721 est.
1625 690 1727 726 Ovm.
1740 701 1782 724 ex
1797 693 1895 725 Pont
1911 694 1952 726 11.
1965 694 2051 726 2³1.

300 752 541 798 Fortunam
571 758 823 798 reverenter
852 754 981 809 habe,
1012 754 1259 809 quicunque
1290 761 1470 810 repente
1507 755 1515 810 J
1627 768 1756 800 Annon.
1780 769 1892 810 sspigr.
1916 771 1944 802 a.
1968 772 1996 802 7.

300 829 423 874 dives
452 831 508 874 ab
539 831 644 874 exili
675 831 957 886 progrediere
987 831 1096 875 loco.

301 939 312 951 .
330 939 340 950 .
357 906 582 951 ,Fortuna
612 907 817 952 volubilis
847 914 967 952 errat
997 910 1077 952 vid.
1109 908 1333 952 Passibus.

186 984 269 1026 345
300 983 485 1040 Frangit
515 990 559 1028 et
589 985 754 1029 attollit
783 985 897 1029 vires
927 985 973 1029 in
1004 986 1144 1029 milite
1175 999 1322 1041 causa,
1625 999 1722 1039 Pron
1747 1000 1795 1030 ει.
1820 1000 1859 1032 v.
1882 1001 1911 1031 e.
1934 1001 1985 1032 51.

384 1074 496 1117 quae
526 1062 612 1106 nisi
634 1062 757 1117 justa
787 1063 950 1117 subest,
982 1063 1149 1106 excutit
1178 1076 1302 1107 arma
1331 1063 1484 1119 pudor.

300 1171 310 1182 .
328 1171 338 1182 .
357 1172 367 1182 .
383 1138 567 1194 Frangit
597 1138 730 1183 fortia
760 1139 893 1184 corda
923 1139 1060 1183 dolor.
1626 1154 1702 1185 Tm.
1726 1154 1775 1186 m.
1798 1155 1855 1187 nr
1878 1155 1907 1187 2.
1931 1156 1960 1185 a.

298 1214 538 1271 Frangitur
567 1217 665 1271 ipsa
696 1217 787 1261 suis
817 1216 959 1260 Roma
988 1217 1178 1272 superba
1208 1217 1349 1262 bonis.
1621 1231 1718 1270 emp.
1742 1231 1791 1262 m.
1815 1231 1871 1263 iv.
1896 1232 1944 1263 η.
1967 1233 2019 1262 eo.

299 1292 474 1337 Fraude
504 1293 619 1349 perit
648 1294 802 1338 virtus.
1621 1307 1724 1339 ovm.
1747 1308 1836 1340 rut.
1859 1308 1888 1339 2.
1911 1309 1982 1340 227.

298 1368 463 1414 Fronte
493 1371 715 1426 capillata,
747 1376 847 1427 post
877 1377 943 1415 est
975 1370 1149 1416 occasio
1181 1370 1317 1414 calva.
1622 1386 1722 1417 mon.
1746 1385 1820 1418 eat.
1838 1386 1924 1418 nist
1947 1386 1975 1417 2.
1994 1386 2046 1419 26.

183 1448 269 1490 350
297 1445 454 1491 Fronti
484 1447 607 1491 nulla
636 1447 758 1491 fides.
1622 1462 1702 1495 συν.
1726 1462 1797 1494 sn.
1818 1463 1848 1494 2.
1872 1462 1902 1496 8.

298 1524 503 1580 ...Fuge
534 1537 712 1580 magna:
744 1524 847 1569 licet
878 1525 959 1568 sub
990 1538 1184 1580 paupere
1215 1531 1332 1570 tecto
1624 1539 1707 1574 nor.
1731 1540 1838 1580 Epist.
1863 1540 1888 1574 ι.
1914 1540 1963 1573 10.
1988 1540 2037 1571 32.

295 1613 423 1657 reges
453 1606 498 1646 et
527 1614 678 1657 regum
708 1601 799 1645 vita
828 1614 1113 1657 praecurrere
1142 1602 1321 1646 amicos.

297 1710 307 1722 .
326 1678 514 1735 ..Fugit
543 1679 833 1734 irreparabile
865 1684 1038 1734 tempus
1069 1680 1149 1722 m‘d.
1182 1678 1268 1723 Sed
1299 1679 1423 1734 sugit.

297 1789 307 1800 .
325 1755 562 1800 ..Fuimus
593 1755 744 1811 Troes,
775 1755 859 1799 fuit
887 1754 1017 1799 Ilium
1048 1762 1092 1800 et
1122 1755 1276 1811 ingens
1621 1771 1719 1811 νοις.
1744 1771 1828 1804 Aen.
1850 1773 1878 1803 2.
1902 1772 1974 1804 325.

295 1831 438 1887 gloria
467 1832 749 1879 Teucrorum.

297 1943 307 1954 .
325 1943 335 1954 .
353 1943 363 1954 .
380 1909 559 1965 Fungar
588 1910 682 1954 vice
713 1910 837 1965 cotis,
870 1916 1045 1954 acutum
1624 1924 1706 1956 nor:
1728 1925 1834 1965 Epist.
1859 1926 1902 1957 11.
1918 1927 1948 1956 a.
1970 1926 2041 1958 ³0⁴.

294 1985 479 2031 reddere
510 1999 622 2042 quae
652 1986 816 2031 ferrum
848 1987 978 2043 valet,
1009 2000 1162 2031 exsors
1194 1987 1291 2042 ipsa
1321 1988 1516 2032 secandi.

295 2096 306 2108 .
324 2098 335 2109 .
353 2098 363 2109 .
379 2064 523 2108 Furor
551 2070 620 2108 est
649 2069 749 2120 post
778 2064 926 2107 omnia
963 2064 1152 2120 perdere
1181 2064 1375 2108 naulum.
1616 2078 1695 2111 συν.
1718 2079 1789 2110 snt.
1811 2080 1840 2112 a
1864 2081 1915 2111 97.

181 2141 264 2184 355
297 2174 307 2186 .
324 2173 334 2184 .
357 2174 367 2185 .
383 2140 526 2185 Furor
554 2140 708 2196 iraque
738 2146 930 2185 mentem
960 2140 1272 2197 Praecipitant.
1620 2155 1723 2196 νοις.
1746 2156 1831 2188 Aea
1854 2157 1883 2188 2.
1907 2156 1977 2189 816.

295 2320 334 2332 ··
352 2321 362 2331 ·
380 2265 599 2342 Gallinae
629 2295 745 2339 filius
776 2295 903 2340 albae
935 2295 1014 2338 vid.
1047 2293 1116 2338 Tu
1145 2294 1349 2349 gallinae.

295 2370 449 2416 Gaude
479 2377 596 2416 sorte
627 2378 715 2415 tua.
1619 2386 1701 2420 nor.
1724 2386 1831 2426 spon.
1855 2387 1904 2419 le
1929 2388 1977 2419 15.

294 2481 304 2492 .
323 2481 332 2491 .
351 2481 361 2491 .
378 2447 552 2493 Gaudet
582 2449 796 2504 patientia
826 2448 966 2492 duris:
1617 2462 1745 2495 Lucan.
1768 2465 1883 2496 ram.
1906 2465 1935 2498 9.
1967 2466 2040 2499 402.

293 2523 453 2568 laetius
484 2532 564 2580 est,
595 2526 767 2581 quoties
798 2539 956 2580 magno
988 2525 1073 2569 sibi
1104 2531 1291 2580 constat,
1323 2518 1569 2569 honestum.

294 2600 468 2645 Gaudia
496 2602 762 2658 principium
794 2603 934 2646 nostri
965 2607 1080 2658 sunt,
1111 2602 1273 2656 Phoce,
1305 2601 1483 2645 doloris.
1617 2615 1716 2648 ονω.
1740 2616 1821 2648 Met.
1846 2618 1876 2648 7.
1899 2619 1970 2650 796.

292 2677 512 2734 Gemmas,
544 2692 747 2734 marmor,
778 2679 899 2734 ebur,
930 2678 1159 2735 Tyrrhena
1187 2678 1344 2734 sigilla,
1375 2678 1577 2734 tabellas,
1614 2692 1696 2727 nor.
1721 2694 1826 2734 Epist.
1849 2695 1890 2727 11.
1915 2696 1945 2726 2.
1970 2695 2040 2727 180.

292 2761 535 2811 argentum,
566 2761 710 2800 vestes
742 2755 929 2800 Gaetulo
959 2756 1126 2799 murice
1157 2756 1319 2799 tinctas

292 2837 394 2876 sunt
423 2833 499 2887 qui
529 2846 616 2876 nou
646 2833 852 2888 habeant,
884 2838 951 2877 est
981 2833 1055 2888 qui
1086 2846 1173 2876 non
1204 2838 1328 2876 curat
1359 2832 1535 2876 habere.

178 2909 263 2951 360
293 2941 303 2952 .
326 2941 336 2952 .
354 2940 364 2952 .
382 2907 515 2964 Gigni
1613 2923 1702 2956 rem
1724 2924 1794 2956 sm.
1817 2925 1847 2958 a.
1870 2925 1920 2957 aa.

291 2983 346 3028 de
376 2984 516 3028 nihilo
546 2986 671 3041 nihil,
701 2987 748 3029 in
779 2987 966 3030 nihilum
996 2986 1058 3029 nil
1089 3000 1220 3041 posse
1249 2985 1422 3030 reverti.

293 3059 446 3105 Gloria
474 3062 631 3117 cuique
661 3076 741 3106 sua
770 3069 850 3107 est.
1613 3077 1690 3111 Tu».
1714 3077 1764 3109 ει.
1787 3078 1812 3109 1.
1835 3078 1864 3108 4.
1889 3078 1939 3109 77.

293 3135 535 3182 Graeculus
565 3139 762 3183 esuriens
793 3139 839 3183 in
869 3140 1052 3195 coelum,
1075 3139 1277 3194 jusseris,
1307 3138 1400 3182 ibit.
1613 3153 1694 3185 συν.
1716 3153 1787 3185 Sat.
1810 3155 1839 3185 ³.
1862 3155 1914 3188 78.

294 3212 440 3269 Graiis
470 3213 706 3270 ingenium,
737 3215 882 3271 Grajis
913 3215 1035 3260 dedit
1065 3228 1139 3259 ore
1170 3215 1358 3260 rotundo
1613 3229 1693 3261 nor.
1717 3230 1824 3270 Epist.
1847 3231 1888 3262 11.
1912 3231 1940 3260 s.
1965 3230 2035 3261 323.

294 3288 423 3334 Musa
452 3289 585 3346 loqui,
615 3297 793 3347 praeter
821 3291 996 3336 laudem
1026 3292 1189 3336 nullius
1219 3293 1386 3337 avaris:
