2164 3666
1099 121 1166 170 43
1237 143 1335 148 —-

330 268 526 324 pertinet
554 272 600 311 et
628 268 798 311 nescire
829 268 991 312 malum
1023 273 1103 323 est,
1133 269 1363 324 agitamus,
1394 273 1619 312 utrumne·

330 345 496 389 divitiis
525 345 726 389 homines
757 358 814 388 an
844 346 933 389 sint
962 346 1123 390 virtute
1153 346 1285 389 beati.

335 422 424 467 Sed
454 421 646 476 rigidum
669 422 744 477 J'us
775 428 843 466 est
872 428 917 466 et
945 423 1200 466 inevitabile
1230 422 1397 466 mortis.

330 531 340 542 .
361 533 371 543 .
389 532 399 542 .
417 497 503 542 Sed
534 499 704 542 scilicet
733 499 889 543 ultima
918 513 1091 555 semper

329 575 630 631 exspectanda
659 575 753 620 dies
783 576 963 631 homini,
995 577 1170 632 dicique
1201 577 1356 619 beatus

327 656 430 696 ante
460 652 629 696 obitum
657 667 800 709 nemo,
831 667 1122 709 supremaque
1152 653 1308 697 funera
1337 652 1480 697 debet.

1626 458 1634 466 .
1646 458 1654 466 .
1663 459 1671 466 .
1683 435 1817 468 Consol.
1835 435 1965 467 ad-Liv.
1974 436 2047 468 443.

1624 512 1724 544 Ovid.
1746 512 1827 544 Met.
1851 513 1880 543 3.
1903 513 1974 544 135.

192 730 303 772 1020
331 727 417 772 Sed
448 729 556 774 satis
587 736 655 774 est
684 743 810 775 orare
839 731 1007 785 Jovem,
1038 744 1150 786 quae
1181 730 1306 786 ponit
1335 736 1379 774 et
1409 730 1578 774 aufert:
1623 743 1707 774 Hor.
1730 742 1836 782 Epist.
1859 744 1886 776 1.
1910 745 1960 778 1a
1974 743 2049 778 ιιι.

329 805 406 850 det
419 806 568 862 vitam,
586 806 661 851 det
676 821 803 863 opes;
826 821 1013 862 aequum
1030 808 1089 851 mi
1107 807 1299 852 animum
1315 807 1410 862 ipse
1425 807 1606 862 parabo.

329 882 499 927 ...Sed
528 883 673 927 timidi
704 889 784 940 est,
815 890 969 940 optare
998 898 1163 930 necem.

327 959 413 1004 Sed
442 961 580 1004 trahit
609 961 790 1005 invitam
820 975 933 1006 nova
962 963 1040 1017 vis,
1072 962 1278 1017 aliudque
1309 960 1481 1017 Cupido

326 1051 451 1082 mens
482 1037 604 1082 aliud
635 1038 804 1083 suadet.
862 1039 1005 1084 Video
1037 1039 1221 1083 meliora
1248 1039 1488 1095 proboque,

327 1113 550 1158 deteriora
578 1102 763 1171 sequor.-

290 1224 294 1227 -
326 1225 336 1235 .
355 1225 364 1235 .
383 1225 392 1235 .
411 1190 577 1235 Semita
607 1198 726 1236 certe

323 1268 589 1324 tranquillae
618 1283 698 1325 per
726 1269 931 1313 virtutem
963 1274 1085 1324 patet
1116 1269 1246 1313 unica
1275 1270 1402 1314 vitae.

323 1344 506 1401 Semper
535 1359 692 1390 avarus
723 1352 848 1401 eget:
879 1352 1047 1390 certum
1078 1353 1179 1390 voto
1210 1352 1309 1402 pete
1340 1346 1484 1390 finem.

186 1424 292 1467 1025
323 1422 505 1478 Semper
534 1423 620 1467 eris
651 1436 830 1478 pauper,
862 1424 898 1467 si
928 1437 1096 1479 pauper
1126 1437 1186 1478 es,
1218 1424 1486 1478 Aemiliane3

409 1499 569 1543 dantur
599 1514 706 1555 opes
737 1501 868 1544 nullis
899 1515 1014 1544 nunc
1046 1501 1131 1545 nisi
1162 1501 1385 1555 divitibus,

324 1576 506 1632 Semper
533 1577 649 1621 habe
680 1577 888 1633 Pyladen,
919 1579 993 1632 qui
1024 1579 1275 1622 consoletur
1305 1579 1504 1621 Oresten.

323 1653 504 1709 Semper
533 1654 578 1697 iu
609 1655 814 1699 absentes
845 1655 1016 1698 felicior
1046 1662 1194 1699 aestus
1225 1662 1435 1698 amantes.

323 1730 505 1786 Semper
535 1731 662 1786 inops
693 1732 941 1786 quicunque
973 1733 1105 1787 cupit.

323 1807 506 1863 Semper
535 1808 798 1853 inhumanos
829 1810 964 1853 habet
994 1809 1215 1853 officiosus
1246 1810 1423 1854 amicos.

183 1886 293 1928 1030
407 1884 701 1929 Senescimus:
737 1885 891 1941 effugit
919 1892 1043 1931 aetas

183 2579 290 2621 1035

320 1967 445 2006 utere
474 1975 575 2006 vere
605 1968 694 2007 tuo.

1621 896 1721 928 Ovid.
1744 897 1825 931 Met.
1848 897 1878 928 4.
1902 898 1974 930 115.

1618 974 1717 1006 Ovid.
1740 975 1822 1006 Met.
1846 975 1873 1005 7.
1898 976 1951 1006 19.

1619 1205 1698 1238 «luxa
1721 1205 1858 1239 Sat.10.
1881 1206 1954 1239 363.

1620 1359 1701 1390 Hor'.
1721 1359 1827 1398 Epist.
1856 1360 1881 1391 1.
1896 1361 1925 1390 2.
1943 1361 1994 1390 56.

1617 1437 1714 1468 Mart.
1739 1436 1851 1476 Epigr-
1867 1437 1908 1468 V.
1926 1438 1974 1467 81.
1999 1437 2028 1470 l.

1620 1590 1720 1621 Ovid.
1744 1591 1839 1624 Rem.
1863 1591 1934 1621 589.

1615 1668 1713 1707 rrop.
1737 1668 1788 1701 El.
1812 1668 1871 1702 111.
1895 1668 1944 1698 33.
1967 1669 2019 1699 43.

1614 1746 1728 1777 Claud.
1752 1745 1828 1778 Rus.
1854 1746 1879 1776 1.
1913 1746 1985 1776 200.

1614 1823 1714 1857 Mart.
1737 1822 1854 1862 Epigr.
1865 1822 1905 1853 V.
1928 1822 2046 1855 2213.

1620 1899 1749 1932 Auson.
1772 1899 1886 1939 Epigr.
1911 1900 1959 1931 13.
1984 1900 2013 1930 1.

322 2038 431 2083 Sera
445 2040 576 2084 nimis
596 2040 687 2084 vita
707 2046 775 2084 est
795 2041 1012 2085 crastina:
1034 2040 1128 2085 vive
1146 2041 1290 2085 hodie.
1313 2043 1395 2085 vid.
1420 2041 1519 2086 Non
1536 2046 1616 2086 est.

321 2115 442 2171 Sera,
471 2122 619 2161 tamen
648 2117 797 2162 tacitis
826 2117 976 2161 Poena
1004 2117 1122 2161 venit
1150 2118 1349 2173 pedibus.

322 2226 332 2237 .
350 2227 360 2237 .
379 2227 388 2237 .
407 2193 526 2238 Seris
555 2194 675 2238 venit
704 2208 809 2239 usus
839 2195 895 2238 ab
925 2195 1052 2238 annis
1084 2196 1164 2239 vid.
1195 2196 1294 2240 Non
1325 2196 1488 2240 omnia.

320 2270 471 2314 Serius
501 2277 578 2314 aut
607 2271 739 2316 citius
769 2271 918 2321 sedem
948 2285 1236 2328 properamus
1267 2273 1323 2316 ad
1355 2286 1500 2317 unam.

322 2346 429 2392 Sero
459 2348 695 2403 respicitur
723 2349 870 2404 tellus,
900 2349 975 2392 ubi
1006 2349 1108 2392 fune
1139 2350 1283 2394 soluto

405 2424 544 2468 currit
573 2425 619 2468 in
648 2425 909 2470 immensum
938 2426 1086 2481 panda
1116 2427 1266 2471 carina
1295 2428 1449 2472 salum.

321 2535 331 2545 .
348 2534 359 2544 .
378 2534 388 2544 .
406 2501 499 2545 Sibi
530 2503 838 2547 convenientia
866 2503 1000 2558 finge.

323 2611 333 2621 .
351 2611 361 2621 .
379 2592 388 2620 z
406 2577 499 2621 Sibi
530 2579 716 2634 quisque
751 2579 949 2635 profecto
979 2580 1064 2624 Est
1098 2580 1220 2624 deus.

321 2654 394 2698 Sic
424 2655 569 2711 agitur
597 2670 785 2701 censura
814 2664 858 2702 et
889 2658 952 2702 sic
983 2658 1186 2712 exempla
1215 2665 1440 2713 parantur,

406 2745 543 2787 quum
572 2732 746 2788 vindex,
777 2735 888 2778 alios
919 2734 1036 2790 quod
1066 2741 1228 2790 monet,
1259 2735 1352 2791 ipse
1383 2736 1502 2779 facit.

320 2808 479 2853 ...Sic
509 2810 599 2856 itur
629 2810 685 2854 ad
716 2817 838 2855 astra
873 2813 952 2855 oid.
982 2812 1144 2856 Macte.

320 2919 330 2930 .
349 2920 358 2930 .
377 2920 387 2930 .
419 2886 491 2930 Sic
521 2900 589 2931 me
625 2889 813 2932 servavit
847 2889 1021 2943 Apollo.

320 2962 405 3018 Sic,
435 2977 492 3008 ne
521 2964 776 3020 perdiderit,
807 2979 895 3009 non
926 2971 1069 3010 cessat
1098 2965 1282 3020 perdere
1314 2966 1446 3021 lusor,

407 3045 452 3084 et
480 3048 659 3086 revocat
689 3042 872 3098 cupidas
904 3043 1002 3086 alea
1037 3043 1200 3086 blanda
1231 3057 1398 3087 manus.

320 3116 408 3171 Sic,
438 3117 515 3172 qui
545 3118 801 3174 pauperiem
832 3120 996 3164 veritus
1026 3120 1196 3175 potiore
1227 3120 1418 3164 metallis

318 3193 523 3238 libertate
554 3201 688 3251 caret,
720 3195 945 3240 dominum
980 3197 1100 3240 vehit
1134 3197 1362 3252 improbus
1398 3202 1530 3252 atque

320 3270 484 3314 serviet
511 3277 752 3329 aeternum,
783 3257 899 3328 quia*
918 3286 1052 3329 parvo
1082 3274 1253 3318 nesciat
1282 3274 1360 3318 uti.

1619 2131 1696 2165 Tib.
1719 2130 1769 2161 El.
1793 2131 1822 2161 l.
1845 2131 1874 2161 9.
1897 2131 1927 2162 4.

1617 2285 1716 2317 Ovid.
1741 2285 1823 2317 Met„
1849 2285 1898 2318 10.
1922 2284 1972 2316 32.

1619 2362 1719 2394 Ovid.
1737 2362 1854 2394 Amor.
1876 2363 1918 2394 11.
1931 2365 1971 2397 11.
1987 2362 2039 2396 2³.

1609 2517 1691 2548 Hor.
1715 2517 1822 2556 Epist.
1847 2517 1887 2548 11.
1910 2518 1942 2550 3.
1967 2516 2039 2550 119.

1615 2594 1715 2625 Ovid.
1739 2594 1820 2625 Met.
1843 2595 1872 2624 8.
1897 2595 1945 2625 72.

1613 2671 1712 2703 Ovid.
1736 2671 1826 2703 Fasi.
1849 2673 1878 2702 6.
1901 2672 1971 2702 647.

1615 2903 1696 2936 Hor.
1720 2903 1789 2934 Sat.
1812 2903 1837 2933 1.
1864 2903 1892 2933 9.
1917 2903 1965 2933 78.

1617 2979 1715 3011 Ovid.
1735 2979 1813 3012 Art„
1828 2979 1905 3011 Am.
1923 2981 1951 3013 1.
1968 2981 2039 3011 451.

1616 3134 1697 3165 Hor.
1720 3134 1826 3174 Epist.
1862 3134 1886 3167 1.
1912 3135 1964 3168 10.
1987 3135 2038 3165 39.
