2164 3666
882 180 979 186 -V—
1055 158 1088 207 9
1166 181 1260 186 ..--

259 307 455 354 Dextera
483 306 718 363 praecipue
749 307 868 362 capit
896 306 1171 362 indulgentia
1199 311 1384 361 mentes,

344 385 561 441 asperitas
591 383 753 440 odium,
785 397 1001 439 saevaque
1030 384 1178 438 verba,
1209 389 1396 427 movent.

259 462 469 506 Dicamus
499 461 616 505 bona
643 461 789 516 verba,
819 456 940 507 venit
968 461 1143 516 natalis,
1174 460 1231 504 ad
1262 473 1374 503 aras.

258 538 504 583 Dicendum
533 543 620 582 est:
650 537 817 582 frustra
846 537 1148 582 circumvehor
1177 538 1325 581 omnia
1352 536 1511 580 verbis.

150 632 230 674 195
258 628 406 673 Dicite
433 629 678 685 pontifices,
708 630 755 673 in
785 642 911 673 sacro
941 628 1047 684 quid
1077 628 1184 672 facit
1215 641 1383 671 aurum.

258 706 418 751 Differ:
448 706 614 750 habent
643 719 804 762 parvae
833 706 1063 750 commoda
1093 719 1252 760 magna
1281 717 1443 748 morae.

259 783 484 839 Differtur,
514 796 737 838 nunquam
767 783 938 827 tollitur
964 783 1080 826 ullus
1110 795 1245 826 amor.

257 859 450 904 Difficile
480 865 548 904 est
577 860 755 915 longum
785 861 931 904 subito
961 860 1182 915 deponere
1213 871 1420 902 amorem.

258 936 451 993 Difficile
481 942 549 981 est
578 937 760 994 satiram
790 951 877 980 non
908 938 1118 981 scribere!

146 1029 231 1072 200
259 1027 451 1071 Difficile
480 1034 548 1072 est
576 1028 692 1072 tristi
721 1028 885 1084 fingere
916 1033 1062 1071 mente
1086 1028 1248 1082 jocum.

259 1104 478 1162 Difficilis,
508 1106 728 1161 querulus,
759 1104 964 1148 laudator
992 1106 1203 1160 temporis
1233 1104 1323 1147 acti

205 1190 208 1193 ’
261 1195 308 1226 se
338 1195 496 1238 puero;
527 1183 776 1238 castigator,
808 1194 1051 1236 censorque
1080 1182 1298 1225 minorum
1328 1180 1508 1236 (senex).

262 1300 272 1311 .
290 1301 300 1311 .
318 1301 328 1311 .
344 1266 495 1322 Digito
524 1280 754 1322 compesce
784 1266 1005 1310 labellum.

261 1342 470 1399 Diligitur
498 1357 627 1387 nemo
647 1344 734 1387 nisi
764 1344 835 1387 cui
866 1343 1062 1386 Fortuna
1092 1341 1286 1387 secunda
1315 1348 1404 1395 est;

345 1433 459 1476 quae
489 1421 619 1465 simul
649 1421 854 1476 intonuit,
885 1421 1087 1476 proxima
1116 1432 1314 1475 quaeque
1345 1418 1480 1473 fugat.

260 1496 503 1542 Dimidium
532 1497 651 1553 facti,
683 1499 758 1553 qni
788 1498 945 1553 coepit,
976 1498 1129 1540 habet:
1161 1508 1316 1551 sapere
1347 1494 1481 1549 aude3

261 1574 426 1630 incipe:
457 1575 533 1630 qui
562 1580 681 1619 recte
711 1575 883 1618 vivendi
913 1580 1121 1630 prorogat
1150 1574 1318 1627 horam,

262 1652 452 1696 rusticus
482 1657 686 1707 expectat
716 1651 820 1695 dum
851 1651 1018 1695 defluat
1048 1651 1211 1704 amuis;
1243 1657 1289 1694 at
1320 1650 1394 1693 illc

262 1728 427 1773 labitur
457 1734 501 1772 et
530 1729 703 1772 labetur
733 1729 778 1771 in
809 1741 936 1772 omne
966 1727 1173 1770 volubilis
1203 1739 1373 1771 aevum.

149 1821 232 1863 205
264 1853 274 1864 .
292 1819 405 1864 ..Di
434 1825 587 1863 nostra
616 1820 794 1875 incepta
823 1818 1084 1863 secundent!

262 1895 320 1938 Di
350 1897 455 1952 (qui)
485 1902 816 1952 praeceptorem
847 1896 988 1940 sancti
1018 1895 1194 1939 voluere
1225 1895 1421 1950 parentis

263 1986 360 2018 esse
390 1973 501 2017 loco.

263 2083 274 2094 .
293 2084 302 2094 .
321 2084 330 2094 .
347 2049 500 2094 Diram
531 2050 607 2104 qui
637 2049 835 2093 contudit
863 2050 1047 2106 hydram

263 2133 454 2183 notaque
484 2126 608 2170 fatali
638 2132 844 2182 portenta
873 2127 1023 2170 labore
1055 2126 1241 2181 subegit,

266 2204 478 2259 comperit
508 2203 716 2247 invidiam
746 2217 951 2258 supremo
981 2203 1066 2247 fine
1098 2203 1279 2246 domari.

264 2279 396 2324 Disce
426 2281 564 2325 bonas
595 2286 725 2334 artes,
757 2293 925 2334 mone0,
956 2280 1155 2323 Romana
1177 2280 1398 2335 juventus.

265 2356 411 2413 Disce,
441 2357 520 2402 sed
550 2370 576 2401 a
607 2356 761 2401 doctis.

152 2423 237 2491 2⁶10
266 2447 434 2492 Discite
457 2447 678 2503 justitiam
708 2447 861 2490 moniti
893 2453 938 2490 et
966 2461 1054 2490 non
1083 2454 1278 2491 temnere
1308 2447 1444 2490 divos.

265 2525 408 2569 Discit
437 2525 552 2568 enim
583 2525 725 2580 citius,
757 2525 1042 2579 meminitque
1073 2525 1282 2568 libentius
1312 2524 1435 2578 illud,

267 2601 383 2656 quod
414 2601 512 2656 quis
543 2601 726 2656 deridet,
757 2615 887 2656 quam
918 2602 1035 2656 quod
1066 2602 1224 2656 probat
1254 2607 1298 2644 et
1328 2607 1571 2644 veneratur.

267 2677 437 2722 Discite
467 2691 598 2732 quam
628 2692 763 2733 parvo
794 2678 925 2722 liceat
954 2679 1197 2733 producere
1227 2679 1374 2721 vitam.

268 2754 437 2798 Discite
466 2760 694 2798 venturam
717 2755 811 2809 jam
841 2769 955 2798 nunc
987 2756 1123 2799 lenire
1155 2762 1389 2799 senectam.

266 2830 474 2886 Discitur,
504 2831 714 2874 innocuas
744 2838 792 2874 ut
821 2838 935 2886 agat,
966 2831 1184 2887 facundia,
1215 2845 1391 2876 causas:

351 2908 543 2963 protegit
572 2907 682 2950 haec
714 2914 875 2963 sonteS,
905 2908 1233 2963 immeritosque
1264 2909 1436 2963 premit.

154 2999 237 3040 215
269 2997 432 3042 ...Dis
461 2998 686 3052 proximus
718 2999 791 3042 ille

268 3087 397 3129 quem
426 3075 553 3129 ratio,
584 3088 672 3117 non
701 3075 770 3119 ira
798 3082 955 3122 movet.
987 3075 1063 3130 qui
1093 3075 1211 3118 facta
1241 3075 1489 3130 rependens

269 3151 454 3194 consilio
484 3151 639 3205 punire
670 3158 828 3206 potest.

269 3226 475 3270 Diversos
505 3227 677 3271 diversa
699 3227 875 3282 juvant:
907 3242 994 3271 non
1025 3228 1227 3271 omnibus
1258 3229 1385 3271 aunis

352 3304 499 3346 omnia
528 3304 810 3347 conveniunt:
841 3317 911 3346 res
941 3305 1062 3359 prins
1093 3310 1198 3358 apta
1229 3311 1369 3347 nocet.

1582 317 1682 350 ovid.
1697 319 1771 352 Art.
1786 318 1863 351 Am.
1885 319 1915 349 2.
1933 319 2005 350 145.

1581 472 1657 504 Tib.
1678 472 1730 504 El.
1752 472 1794 504 11.
1817 473 1845 504 2.
1870 472 1897 504 1.

1585 548 1670 581 Cir'n
1691 549 1762 581 271.

1585 626 1674 658 Pers.
1697 626 1765 658 Sat.
1788 628 1818 658 2.
1841 628 1891 658 69.

1578 716 1677 748 Ovid.
1702 717 1790 749 Fast.
1813 717 1842 748 3.
1866 718 1939 748 394.

1585 794 1685 833 Prop.
1707 794 1757 825 ΕΙ.
1779 795 1821 826 11.
1847 794 1876 825 8.
1900 795 1928 825 8.

1578 870 1699 903 Catuli.
1722 870 1834 903 Carni.
1858 872 1908 902 76.
1935 872 1984 902 13.

1580 948 1660 980 Juv.
1682 948 1753 982 Sat.
1777 949 1805 979 l.
1829 949 1879 979 30.

1581 1039 1655 1070 Tib.
1680 1039 1729 1070 El.
1752 1040 1810 1071 lv.
1833 1041 1862 1071 6.
1887 1040 1936 1071 34.

1586 1115 1667 1147 Hor.
1690 1116 1796 1156 Epist.
1819 1118 1860 1148 11.
1883 1118 1912 1148 3.
1938 1118 2008 1148 173.

1582 1270 1663 1301 Juv.
1686 1270 1755 1302 Sat.
1780 1272 1807 1302 1.
1832 1271 1901 1302 160.

1585 1354 1687 1388 ovid.
1695 1363 1738 1386 cx
1751 1355 1850 1389 Pont.
1864 1356 1905 1389 Π.
1915 1356 1943 1386 3-
1956 1355 2007 1389 23.

1585 1510 1665 1541 flor.
1688 1508 1793 1549 Epist
1816 1509 1840 1540 1.
1863 1510 1893 1540 2.
1915 1509 1965 1540 40.

1586 1831 1687 1869 vernt.
1711 1831 1797 1862 Aen.
1819 1831 1847 1861 7.
1871 1832 1890 1862 2
1913 1832 1941 1861 9.

1582 1908 1663 1942 Juv.
1686 1908 1755 1939 Sat.
1778 1909 1808 1941 7.
1831 1910 1903 1941 209.

1590 2063 1670 2094 nor.
1694 2062 1801 2102 Epist.
1825 2063 1863 2094 11.
1890 2064 1915 2093 l.
1940 2064 1986 2096 10,

1584 2294 1685 2325 Ovid.
1703 2294 1774 2325 Art.
1791 2294 1868 2326 Am,
1894 2295 1919 2324 1.
1936 2295 2008 2325 459.

1589 2372 1689 2403 Dion.
1713 2371 1787 2403 Cat.
1812 2371 1897 2402 Dm.
1913 2372 1941 2401 4.
1957 2371 2009 2404 23,

1589 2461 1690 2499 verg.
1714 2461 1799 2493 Aen.
1823 2462 1851 2492 6.
1874 2462 1944 2492 620.

1589 2538 1669 2568 Hor.
1692 2537 1797 2576 Epist.
1822 2539 1862 2569 ΙΙ.
1887 2538 1914 2568 l.
1938 2539 2009 2569 262.

1589 2691 1716 2722 Lucan.
1741 2692 1856 2723 Pham.
1879 2692 1908 2722 4.
1940 2692 2012 2722 377.

1592 2768 1691 2806 l’rop.
1715 2768 1765 2799 ΕΙ.
1789 2769 1829 2799 V.
1856 2770 1902 2799 ll.
1927 2770 1976 2798 93.

1591 2844 1689 2875 Ov.d.
1714 2846 1816 2879 Trist.
1841 2847 1880 2876 ΙΙ.
1896 2846 1966 2875 273.

1587 3012 1705 3046 Claud.
1729 3013 1895 3045 Theodos.
1919 3014 1988 3042 227.

1556 3217 1557 3220 Ἴ
1584 3242 1892 3279 Maxim.(Gall.)l-21.
1904 3244 1928 3274 1.
1942 3240 2008 3274 103.

1653 3381 1672 3410 2
