2164 3666
166 294 252 338 870
280 288 464 348 Qualem
474 294 753 339 commendes
762 295 896 338 etiam
916 299 1048 350 atque
1058 296 1191 340 etiam
1200 287 1393 351 adspice,
1414 309 1469 340 ne
1489 309 1590 340 mox
1600 310 1682 342 nor.
1705 309 1813 349 Epist.
1834 310 1864 342 1.
1883 310 1934 341 18.
1957 310 2007 340 ⁷6.

277 371 495 415 incutiant
523 371 670 415 aliena
697 371 780 415 tibi
808 377 992 427 peccata
1020 373 1255 428 pudorem.

277 447 416 502 Quale
447 448 505 492 sit
538 448 598 504 id,
628 448 747 504 quod
777 462 912 504 amas,
954 450 1088 494 celeri
1117 450 1406 507 circumspice
1436 456 1816 498 mente.0vid.1tem.
1843 464 1892 498 8⁹.

277 525 419 580 Quam
447 525 559 569 bene
591 525 780 570 Saturno
808 526 1014 571 vivebant
1042 541 1159 583 rege,
1189 528 1311 583 prius
1351 542 1483 584 quam

359 602 491 647 tellus
520 602 566 646 in
596 603 750 659 longas
779 609 848 648 est
876 611 980 659 pate
1010 604 1104 648 fata
1131 605 1239 649 vias.

274 679 549 736 Quamquam
579 680 767 725 difficile
797 686 865 725 est
899 695 947 726 se
977 695 1173 727 noscere.

276 791 286 801 .
305 791 314 801 .
333 791 343 802 .
360 756 501 811 Quam
529 758 720 813 primum
755 765 904 802 errata
932 759 1086 803 fatere.

277 868 287 878 .
306 868 316 879 .
334 868 344 878 .
361 834 636 890 Quandoque
667 836 808 880 bonus
847 837 928 879 vid.
959 836 1181 892 Indignor.

161 914 244 956 875
276 911 450 966 Quanto
479 912 695 968 perditior
729 914 914 969 quisque
944 919 1023 969 est,
1054 919 1177 958 tanto
1207 914 1351 958 acrius
1382 921 1520 970 urget.

273 989 494 1044 Quantum
525 990 692 1045 oculis,
723 991 870 1034 animo
899 997 990 1035 tam
1020 991 1174 1047 procul
1204 991 1287 1036 ibit
1317 1005 1452 1036 amor.

273 1066 495 1122 Quantum
525 1067 713 1122 quisque
745 1067 860 1112 ferat
893 1068 1197 1124 respiciendus
1227 1070 1323 1113 erit.

275 1143 498 1198 Quantum
528 1144 713 1200 quisque
748 1158 830 1189 sua
865 1159 1142 1190 nummorum
1173 1153 1319 1191 servat
1348 1146 1393 1190 in
1424 1161 1540 1203 arca,

207 1244 210 1247 ,
271 1227 444 1266 tantum
474 1221 610 1266 habet
645 1228 689 1266 et
717 1221 834 1267 fidei.

275 1297 371 1353 Qua
397 1300 569 1355 positus
599 1299 734 1344 fueris
765 1301 810 1344 in
846 1300 1036 1345 statione
1067 1314 1207 1344 mane.

159 1378 245 1420 880
274 1375 372 1431 Qua
399 1382 526 1432 potes
557 1390 733 1433 excusa,
764 1391 844 1422 nec
889 1378 1018 1422 amici
1049 1378 1204 1422 desere
1235 1392 1425 1423 causam.

272 1452 411 1508 Quem
439 1454 634 1498 referent
662 1455 832 1510 Musae,
867 1455 995 1510 vivet,
1026 1455 1130 1499 dum
1160 1457 1321 1501 robora
1350 1457 1496 1512 tellus,

357 1530 460 1575 dum
490 1532 661 1576 coelum
691 1532 858 1587 stellaS,
889 1532 992 1576 dum
1028 1533 1158 1578 vehet
1187 1535 1329 1578 amnis
1360 1548 1510 1590 aquas.

274 1608 414 1663 Quem
443 1621 515 1654 res
543 1610 644 1666 plus
672 1610 808 1654 nimio
840 1609 1114 1655 delectavere
1145 1611 1378 1667 secundae,

275 1691 471 1731 mutatae
511 1688 723 1742 quatient.

273 1762 412 1818 Quem
442 1769 616 1808 taurum
646 1764 819 1820 metuis,
850 1765 1033 1809 vitulum
1064 1766 1255 1810 mulcere
1286 1765 1474 1821 solebas,

357 1841 438 1886 sub
469 1854 557 1897 qua
585 1855 699 1886 nunc
735 1843 921 1887 recubas
951 1844 1121 1898 arbore,
1152 1844 1274 1899 virga
1302 1842 1397 1887 fuit.

274 1918 566 1974 ...Quemvis
597 1920 745 1964 media
773 1933 878 1965 erue
909 1921 1052 1976 turba,

273 2002 350 2040 aut
379 1996 436 2041 ab
467 1997 654 2041 avaritia
682 2004 758 2041 aut
788 1998 950 2042 misera
979 2000 1220 2044 ambitione
1250 1999 1435 2043 laborat.

160 2076 243 2118 885
274 2073 359 2129 Qui
388 2074 573 2118 Bavium
602 2088 690 2119 non
720 2074 826 2131 odit,
857 2082 975 2120 amet
1004 2082 1081 2120 tua
1111 2077 1320 2133 carmina,
1351 2076 1510 2121 Maevi.

274 2186 284 2196 .
302 2151 473 2207 ..Quid
503 2165 663 2196 arenae
694 2152 864 2197 semina
893 2153 1107 2198 mandas?

356 2243 446 2274 non
475 2229 740 2285 profecturis
770 2230 901 2274 litora
930 2230 1071 2275 bubus
1102 2244 1214 2276 aras.

275 2306 404 2362 Quid,
435 2307 489 2351 de
520 2320 693 2363 quoque
722 2307 829 2363 viro,
861 2313 905 2351 et
934 2308 1004 2351 cui
1035 2308 1171 2364 dicaS,
1202 2323 1335 2366 saepe
1365 2309 1524 2354 videto.

274 2383 391 2438 Quid
421 2383 587 2429 domini
618 2383 796 2440 faciant,
827 2384 992 2429 audent
1022 2399 1154 2441 quum
1185 2388 1293 2431 talia
1321 2387 1475 2432 fures?

274 2494 312 2505 ..
330 2494 340 2505 .
358 2461 475 2516 Quid
505 2462 621 2506 enim
652 2462 888 2507 contendat
916 2463 1108 2508 hirundo
1139 2464 1332 2520 Cygnis'?

159 2541 244 2583 890
273 2572 283 2582 .
302 2573 312 2583 .
330 2573 340 2583 .
358 2538 474 2594 Quid
503 2539 640 2584 habet
667 2540 842 2596 pulchri
873 2548 1152 2586 constructus
1182 2542 1394 2586 acervus?

273 2615 388 2670 Quid
411 2616 537 2672 juvat
566 2631 759 2662 errorem
790 2631 935 2662 mersa
956 2619 1050 2674 jam
1080 2632 1228 2675 puppe
1258 2620 1420 2664 fateri?

274 2693 390 2748 Quid
413 2694 539 2750 juvat
567 2695 828 2740 immensum
858 2702 902 2740 te
932 2697 1103 2751 argenti
1131 2697 1304 2752 pondus
1334 2703 1379 2742 et
1409 2698 1506 2741 auri

273 2770 423 2815 furtim
453 2770 630 2816 defossa
659 2773 860 2816 timidum
892 2773 1112 2829 deponere
1141 2775 1290 2818 terra?

274 2848 389 2903 Quid
419 2849 559 2905 magis
590 2856 658 2894 est
688 2863 795 2894 saxo
826 2850 997 2906 durum,
1028 2851 1134 2906 quid
1165 2852 1341 2897 mollius
1372 2851 1519 2896 unda?

356 2926 468 2970 dura
496 2934 644 2971 tamen
675 2928 797 2971 molli
828 2941 938 2972 saxa
967 2934 1180 2973 cavantur
1210 2943 1338 2985 aqua.

274 3002 389 3057 Quid
418 3017 507 3047 non
536 3004 730 3048 ebrietas
759 3005 990 3060 designat?
1020 3013 1175 3062 operta
1203 3006 1406 3061 recludit,

273 3093 375 3136 spes
397 3080 526 3136 jubet
555 3094 652 3125 esse
680 3087 814 3138 ratas,
845 3082 901 3126 ad
930 3084 1102 3138 proelia
1129 3084 1268 3128 trudit
1298 3084 1497 3140 inertem,

273 3157 475 3202 sollicitis
505 3158 664 3202 animis
694 3172 804 3203 onus
834 3160 1001 3216 eximit,
1033 3160 1221 3205 addocet
1252 3167 1384 3206 artes.

1596 541 1672 572 Tib.
1694 540 1745 572 ΕΙ.
1767 541 1793 572 1.
1815 541 1845 571 3.
1870 541 1921 572 35.

1597 695 1675 726 Aus
1700 695 1749 728 ld.
1773 695 1804 728 3.
1828 694 1879 725 19.

1595 773 1694 811 Prop.
1717 772 1768 803 ΕΙ.
1791 772 1817 806 1.
1841 772 1870 802 9.
1892 769 1946 806 33.

1598 928 1678 959 Hor.
1702 927 1770 958 Sat.
1794 928 1818 958 1.
1842 927 1871 957 2.
1896 927 1945 957 15.

1595 1005 1695 1044 Prop.
1717 1004 1768 1035 ΕΙ.
1790 1005 1815 1036 1.
1838 1005 1889 1035 20.
1913 1006 1957 1038 10.

1597 1082 1698 1115 Ovid.
1722 1082 1840 1116 Amor.
1862 1082 1889 1118 1.
1911 1082 1939 1112 8.
1970 1082 2021 1113 38.

1597 1160 1678 1193 duv.
1701 1159 1771 1191 Sat.
1794 1159 1824 1192 3.
1849 1159 1920 1193 143.

1595 1313 1696 1348 Ovid.
1720 1314 1813 1348 Fut.
1835 1315 1866 1347 2.
1890 1314 1961 1345 674.

1598 1391 1698 1424 Ovid.
1722 1392 1821 1424 Trist.
1835 1392 1859 1423 1.
1872 1391 1902 1423 9.
1917 1392 1969 1423 65.

1598 1470 1672 1501 Tib.
1697 1469 1747 1500 El.
1770 1469 1793 1502 1.
1816 1469 1844 1499 4.
1868 1469 1919 1499 65.

1591 1625 1672 1656 Hor.
1705 1623 1812 1663 Epist.
1835 1623 1860 1655 1.
1892 1623 1942 1654 10.
1965 1623 2016 1654 30.

1596 1778 1693 1811 Ovid.
1718 1778 1790 1809 Art.
1814 1777 1891 1810 Am.
1904 1779 1932 1809 2.
1946 1778 2018 1811 341.

1597 1935 1678 1966 Hor.
1701 1934 1769 1965 Sat.
1794 1934 1818 1966 1.
1841 1933 1870 1964 4.
1893 1934 1945 1964 25.

1598 2090 1700 2129 Vei-g.
1723 2089 1793 2120 Ecl.
1817 2088 1845 2119 3.
1868 2088 1919 2119 90.

1595 2167 1695 2200 ovid.
1719 2167 1799 2201 Her.
1822 2167 1852 2199 5.
1876 2167 1947 2199 113.

1598 2323 1679 2354 Hor.
1702 2322 1811 2362 Epist.
1842 2322 1867 2353 1.
1903 2321 1951 2352 18.
1975 2321 2018 2351 68

1596 2400 1699 2440 Verg.
1721 2399 1792 2431 Bel.
1807 2399 1838 2430 8.
1861 2398 1911 2430 10.

1594 2476 1693 2509 Lucr.
1709 2476 1752 2508 de
1774 2485 1799 2508 r.
1826 2485 1859 2508 n.
1882 2476 1912 2506 3.
1945 2476 1974 2507 6.

1592 2554 1675 2587 Hor.
1699 2554 1767 2586 Sat
1790 2554 1816 2587 1.
1840 2555 1871 2589 1.
1892 2554 1947 2588 44.

1590 2632 1767 2666 claudian.
1782 2632 1924 2672 Eutrop.
1946 2633 1975 2664 ⁸2.
1989 2633 2019 2663 7.

1595 2710 1678 2742 Hor.
1701 2710 1770 2742 Sat.
1794 2711 1819 2744 1.
1843 2711 1871 2741 1.
1894 2711 1944 2742 41.

1596 2864 1696 2897 ovid.
1719 2865 1792 2896 Art.
1817 2865 1893 2898 Am.
1911 2866 2016 2900 1.4·15

1594 3020 1676 3052 Hor.
1697 3020 1805 3061 Epist.
1839 3020 1864 3054 1.
1889 3022 1920 3055 5.
1944 3021 1993 3053 18.

158 3237 240 3279 895
272 3267 282 3279 .
300 3268 310 3278 .
329 3268 338 3278 .
355 3234 469 3289 Quid
485 3249 572 3280 non
588 3237 794 3280 mortalia
820 3243 1002 3292 pectora
1023 3238 1144 3293 cogis
1159 3238 1269 3282 Auri
1285 3251 1413 3283 sacra
1428 3238 1693 3291 fameslverg.
1714 3251 1798 3283 Aen.
1823 3252 1850 3283 ³.
1875 3253 1925 3285 56.

271 3311 387 3367 Quid
414 3326 504 3358 non
533 3326 665 3358 saeva
694 3314 779 3358 sibi
808 3315 946 3359 voluit
974 3314 1172 3360 Fortuna
1201 3316 1354 3360 licerel

1590 3329 1688 3362 um
1710 3329 1826 3371 Epigr.
1847 3330 1906 3363 ιν.
1922 3330 1971 3362 18.
1985 3331 2013 3361 τ.
