2164 3666
242 338 410 383 Laetus
441 344 558 383 sorte
589 344 666 382 tua
695 338 814 383 vives
845 337 1081 392 sapienter,
1111 336 1265 382 Aristi.

244 416 498 461 Laudamus
529 421 712 471 vetereS‚
745 414 823 460 sed
853 415 1017 459 nostris
1048 415 1213 459 utimur
1243 415 1384 458 anuis.

246 494 619 549 ...L-mndataque
650 494 790 538 virtus
822 493 983 538 crescit
1012 494 1098 537 uid.
1130 492 1323 538 Excitat.

129 574 214 616 490
238 554 254 614 ’.
274 604 283 614 .
303 605 312 615 .
329 555 508 617 Laudas

240 649 463 693 fortunam
493 655 537 693 et
567 662 712 693 mores
743 649 952 704 antiquae
983 648 1140 704 plebis,
1172 654 1217 692 et
1247 648 1380 703 idem,

242 727 279 770 si
310 716 408 782 quis
440 727 495 771 ad
527 729 605 771 illa
634 727 744 771 deus
775 727 921 770 subito
952 732 996 770 te
1027 732 1142 782 agat,
1175 739 1316 782 usque
1346 738 1540 770 recuses.

242 805 468 849 Laudatas
500 810 696 849 ostentat
726 804 820 848 avis
850 805 1049 848 Junonia
1078 817 1263 860 pennas,

329 883 367 926 si
397 883 557 927 tacitus
589 890 776 938 spectes,
807 883 886 926 illa
914 882 1115 926 recondit
1145 895 1266 937 opes.

243 961 419 1004 Laudat
448 961 713 1016 praeteritos
745 962 826 1004 m‘cl.
860 960 957 1003 Stat
988 960 1160 1003 dubius.

242 1038 419 1082 Laudat
449 1039 626 1082 venales
658 1041 739 1082 vid.
771 1038 917 1081 Multa
945 1037 1092 1082 fidem.

245 1115 506 1161 ...Laudes
539 1116 732 1160 lauderis
762 1122 812 1159 ut
842 1117 1019 1160 absens.

243 1192 420 1238 Laurea
449 1195 651 1238 facundis
682 1200 912 1239 cesserunt
939 1207 1062 1237 arma
1091 1194 1265 1249 togatis.

242 1271 365 1316 Lene
396 1272 494 1316 fluit
524 1273 667 1329 Nilus,
699 1267 978 1317 sed'eunctis
1010 1273 1213 1316 amnibus
1245 1277 1367 1317 extat

328 1351 509 1407 uh-ilior,
540 1351 686 1394 nullas
717 1350 947 1394 confessus
978 1363 1201 1394 murmure
1231 1350 1361 1395 vires.

1580 348 1663 382 Hor.
1685 348 1793 387 Epist.
1814 349 1841 380 1.
1864 348 1917 379 10.
1938 348 1991 380 44.

1576 425 1677 458 ovid.
1710 424 1802 457 fast.
1825 425 1855 460 1.
1877 425 1955 457 225.

1577 588 1659 620 Hor.
1683 587 1751 620 Sat.
1772 587 1815 620 11.
1839 587 1867 618 7.
1890 587 1940 618 22.

1577 819 1677 852 ovid.
1694 818 1768 851 Art.
1787 818 1866 852 Am.
1883 820 1911 851 1.
1929 819 2009 851 627.

1580 1132 1662 1163 Hor.
1686 1130 1755 1162 Sat.
1777 1130 1820 1162 11.
1845 1131 1874 1161 5.
1898 1130 1948 1162 72.

1582 1211 1668 1242 Pan.
1690 1209 1735 1241 ad
1757 1209 1826 1241 Pis.
1850 1207 1901 1238 36.

1581 1286 1697 1320 Claud.
1720 1287 1852 1322 Theod.
1876 1287 1946 1318 232.

130 1430 212 1474 495
243 1427 437 1485 Leniter,
469 1443 525 1472 ex
555 1429 712 1472 merito
744 1428 960 1484 quidquid
990 1429 1177 1484 patiare,
1209 1427 1440 1472 ferendum
1471 1431 1556 1471 est:
1578 1443 1678 1476 Ovid.
1702 1442 1781 1474 Her.
1805 1441 1836 1473 5.
1861 1441 1889 1472 7.

331 1520 443 1562 quae
473 1507 594 1550 venit
623 1507 805 1562 indigne
835 1520 991 1562 poena,
1025 1506 1217 1549 dolenda
1246 1505 1378 1551 venit.

245 1619 254 1628 .
274 1619 282 1628 .
302 1619 311 1628 .
328 1585 601 1629 Lentescunt
631 1589 830 1640 tempore
862 1598 1007 1629 curae.

245 1662 500 1707 ...Levant
530 1669 574 1706 et
605 1663 803 1706 carmina
833 1675 961 1707 curas
992 1664 1074 1706 vid.
1107 1663 1281 1706 Cantet.

245 1775 254 1785 .
275 1776 281 1783 .
305 1775 314 1784 .
332 1741 449 1784 Leve
480 1741 529 1784 fit
560 1741 677 1796 quod
708 1742 820 1784 bene
851 1741 992 1784 fertur
1023 1754 1133 1784 onus
1165 1743 1245 1784 m‘d.
1279 1740 1510 1784 Cedamus.

246 1853 256 1863 .
275 1853 284 1863 .
303 1853 312 1862 .
330 1819 486 1863 Liceat
518 1826 663 1863 certos
694 1819 903 1862 habuisse
935 1819 1120 1862 dolores.

246 1897 489 1942 ...Liceat
519 1898 761 1942 concedere
792 1897 920 1941 veris.

244 1975 417 2031 Linque
448 1981 547 2019 tuas
579 1975 719 2031 sedeS‚
752 1975 983 2030 alienaque
1013 1975 1146 2018 litora
1175 1987 1338 2030 quaere

246 2068 271 2097 o
295 2053 490 2109 juvenis!
523 2053 664 2109 major
693 2067 840 2096 rerum
870 2054 952 2096 tibi
983 2053 1182 2096 nascitur
1212 2052 1334 2096 ordo.

133 2135 219 2176 500
246 2130 326 2175 Lis
357 2137 424 2175 est
456 2145 555 2175 eum
587 2131 729 2175 forma
758 2144 918 2186 magna
948 2131 1201 2186 pudicitiae.

243 2209 358 2253 Litis
389 2210 656 2264 praeteritae
688 2210 779 2252 noli
811 2209 1048 2253 maledieta
1078 2208 1257 2251 referre.

244 2287 392 2342 Livor,
425 2288 543 2330 iners
574 2287 742 2342 vitium,
775 2301 919 2330 mores
950 2301 1037 2329 non
1070 2286 1162 2330 exit
1192 2287 1237 2329 in
1269 2286 1396 2341 altos,

330 2371 465 2420 utque
498 2365 640 2409 latens
672 2366 762 2408 ima
792 2366 944 2420 vipera
974 2365 1114 2420 serpit
1144 2364 1290 2407 humo.

246 2442 401 2498 Longa
431 2443 525 2487 dies
557 2444 726 2486 homini
758 2443 909 2486 (locuit
938 2455 1095 2497 parere
1127 2443 1290 2497 leoneS,

331 2521 463 2576 longa
493 2521 587 2565 dies
618 2522 740 2565 molli
772 2535 882 2565 saxa
911 2521 1084 2576 peredit
1114 2533 1240 2575 aqua..

245 2599 401 2654 Longa.
430 2613 555 2643 mora
585 2606 652 2643 est
682 2601 810 2643 nobis
841 2599 984 2642 omnis
1015 2611 1127 2653 quae
1158 2598 1320 2653 gaudia
1350 2597 1512 2645 differt.

132 2680 215 2721 505
247 2677 444 2733 Longius
476 2677 660 2721 insidias
692 2691 821 2721 cerva
852 2676 1018 2720 videbit
1049 2689 1171 2719 anus.

246 2747 442 2810 Longius
473 2761 549 2799 aut
580 2755 760 2811 propius
793 2757 873 2799 vid.
905 2754 996 2797 Nec
1028 2754 1181 2797 forma.

247 2831 513 2888 Loripedem
546 2839 693 2876 rectus
724 2832 937 2888 derideat,
969 2831 1235 2887 Aethiopem
1267 2831 1407 2875 albus.

247 2910 368 2954 Luce
399 2924 525 2954 sacra
554 2911 804 2966 requiescat
835 2910 1007 2966 humus,
1039 2909 1289 2965 requiescat
1319 2914 1480 2963 arator,

334 2995 378 3031 et
408 3002 539 3043 grave
572 3002 787 3044 suspenso
819 3001 992 3031 vomere
1024 2993 1169 3031 cesset
1200 3000 1323 3043 opus.

250 3101 259 3110 .
278 3100 287 3110 .
307 3101 315 3110 .
333 3067 466 3110 Lucri
500 3067 640 3111 bonus
672 3074 740 3110 est
770 3066 880 3110 odor
910 3080 965 3109 ex
996 3079 1044 3109 re
1076 3065 1295 3119 Qualibet..

238 3179 258 3194 ,.
277 3178 286 3188 .
306 3144 450 3189 .Ludi
481 3158 653 3199 quoque
687 3145 856 3187 semina
886 3144 1102 3199 praebent
1133 3142 1382 3203 Nequitiae.

136 3226 220 3267 510
250 3222 387 3267 Ludit
418 3223 463 3266 in
494 3222 698 3266 humanis
729 3221 880 3265 divina
909 3222 1108 3278 potentia
1138 3221 1282 3275 rebus,

334 3307 380 3344 et
409 3306 574 3344 certam
605 3312 816 3355 praesens
848 3300 920 3343 vix
951 3300 1086 3343 habet
1117 3299 1227 3343 hora
1256 3298 1401 3341 fidem.

250 3378 396 3423 Lusus
427 3379 561 3422 habet
591 3378 744 3421 finem:
776 3377 928 3432 cygnis
959 3376 1227 3421 descendere
1257 3382 1445 3431 tempuS.

1579 1598 1679 1630 Ovid.
1695 1594 1777 1630 Art.
1795 1597 1872 1630 Am.
1886 1599 1916 1628 2.
1932 1594 2008 1631 357.

1579 1831 1697 1866 Claud.
1709 1831 1741 1862 tl.
1751 1840 1777 1862 r.
1787 1831 1880 1863 Pros.
1892 1828 1921 1864 3.
1931 1829 2009 1865 29¹³.

1575 1910 1657 1942 Hor.
1681 1909 1750 1941 Sat.
1773 1909 1814 1941 11.
1837 1909 1867 1940 8.
1891 1909 1964 1940 305.

1580 1988 1718 2020 Petron-
1740 1987 1876 2021 exhort.
1893 1987 1922 2018 1.

1583 2143 1684 2175 Ovid.
1707 2143 1784 2174 Her.
1810 2142 1861 2175 16.
1884 2141 1958 2175 288.

1573 2219 1676 2252 Dion!
1702 2221 1774 2252 (fiat.
1802 2220 1888 2252 Dist.
1905 2220 1934 2250 2.
1959 2219 2008 2250 15·

1578 2299 1726 2333 0vid.ex
1736 2297 1993 2332 Ponam-,3101
2001 2320 2009 2330 .

1578 2455 1656 2486 Tib.
1680 2454 1731 2486 El.
1757 2455 1784 2486 1.
1807 2454 1837 2486 4.
1862 2454 1912 2486 1⁷.

1583 2611 1684 2643 ovid.
1707 2610 1786 2642 Her.
1810 2609 1860 2641 19.
1883 2607 1911 2639 8.

1507 2696 1509 2699 “
1580 2689 1678 2721 ovid.
1700 2689 1771 2721 Art.
1791 2687 1870 2719 Am.
1892 2687 1921 2718 1.
1938 2686 2010 2717 766.

1579 2845 1658 2877 διιν.
1683 2844 1750 2875 Sat.
1776 2844 1807 2878 2.
1831 2843 1882 2874 23.

1586 2923 1661 2954 Til).
1687 2921 1736 2953 ΕΙ.
1761 2921 1802 2953 11.
1828 2921 1855 2952 1.
1881 2921 1909 2951 5.

1582 3078 1662 3109 JuV.
1687 3077 1756 3109 Sat.
1782 3077 1832 3108 1⁴.
1856 3077 1927 3108 20⁴.

1586 3155 1686 3187 ovid.
1711 3155 1812 3187 Trist-
1837 3154 1876 3187 n.
1900 3154 1974 3185 279.

1583 3232 1727 3265 Ovium
1739 3231 1905 3269 PontW,
1915 3231 1944 3265 8.
1959 3229 2008 3262 49.

1582 3387 1682 3419 ovid.
1702 3387 1775 3420 Art.
1795 3386 1873 3418 Am.
1889 3384 1920 3419 3.
1937 3385 2007 3416 809.
