2164 3666
891 194 984 198 „-
1057 170 1120 220 23
1196 190 1290 195 m„

265 322 511 368 Luxuriant
540 320 676 365 animi
704 321 836 365 rebus
866 320 1123 376 plerumque
1153 318 1371 373 secundiS,

354 413 436 445 nec
467 399 596 443 facile
627 403 694 443 est
724 410 867 453 aequa
896 396 1124 441 commoda
1154 401 1299 440 mente
1328 394 1435 450 pati.

268 477 491 522 Luxuries
522 475 756 532 praedulce
787 474 964 530 malum,
994 486 1107 530 quae
1137 473 1288 517 dedita
1317 484 1492 527 semper

271 554 468 609 corporis
498 553 696 597 arbitriis
726 553 907 603 hebetat
938 552 1125 606 caligine
1156 563 1324 604 sensus,

200 666 203 669 ,
266 631 550 686 membraque
581 629 777 674 Circaeis
808 629 1034 673 effeminat
1065 628 1210 672 acrius
1240 627 1412 680 herbis;

274 708 439 752 blanda
469 708 645 763 quidem
677 708 836 762 vultus,
868 706 946 752 sed
977 720 1064 762 qua
1092 719 1180 750 non
1210 704 1365 749 tetrior
1395 704 1484 747 ulla

269 785 468 830 interius.
711 792 715 797 '

271 909 440 986 Macte
471 952 583 982 nova
614 939 786 994 virtute,
817 951 946 994 puer:
979 938 1043 982 sic
1074 938 1161 982 itur
1191 936 1246 981 ad
1278 942 1410 980 astra.

153 1020 237 1060 515
269 1051 280 1062 .
302 1051 313 1062 .
332 1017 503 1072 ,Magis
533 1017 611 1060 illa
633 1017 789 1071 juvant
819 1029 931 1071 quae
960 1016 1099 1071 pluris
1130 1021 1346 1059 emuntur.

267 1094 432 1150 Magna
460 1093 543 1137 fuit
573 1093 793 1148 quondam
822 1093 982 1148 capitis
1011 1092 1257 1136 reverentia
1286 1091 1398 1135 cani.

261 1171 554 1227 Magnanima
583 1170 749 1214 invidia
778 1170 916 1213 virtus
946 1176 1079 1213 caret.

203 1235 206 1238 ⁴
269 1248 433 1304 Magna
461 1254 609 1292 tamen
639 1261 740 1303 spes
769 1253 836 1292 est
868 1247 913 1290 iu
943 1246 1140 1290 bonitate
1171 1246 1255 1289 (lei.

268 1359 280 1371 .
297 1359 308 1370 .
326 1360 337 1370 .
353 1325 528 1380 Magnis
558 1331 706 1369 tamen
738 1325 902 1369 excidit
932 1323 1066 1368 ausis.

153 1405 239 1447 520
273 1402 419 1458 Major
448 1403 563 1446 euim
596 1402 751 1446 mediis
782 1402 926 1457 gratia
955 1402 1086 1445 rebus
1117 1400 1245 1443 inest.

270 1513 281 1525 .
299 1513 308 1524 .
327 1479 500 1535 ‚Major
529 1479 672 1523 famae
703 1479 802 1522 sitis
833 1484 912 1534 est,
944 1492 1075 1535 quam

266 1557 464 1601 virtutis!
498 1556 604 1610 Quis
636 1556 751 1600 euim
783 1556 988 1600 virtutem
1020 1554 1302 1610 amplectitur
1332 1554 1489 1608 ipsam,

268 1634 465 1691 praemia
496 1634 532 1677 si
563 1634 724 1677 tollas?

270 1711 498 1767 ...Major
527 1716 628 1767 post
658 1711 748 1755 otia
778 1710 915 1754 virtus
947 1711 1028 1753 vid.
1058 1709 1200 1753 Vires.

267 1789 412 1845 Major
443 1803 537 1833 suin
569 1802 698 1844 quam
730 1788 800 1832 cui
830 1788 969 1843 possit
999 1787 1196 1831 Fortuna
1226 1799 1396 1829 nocere.

1589 329 1690 362 ovid.
1707 330 1781 362 Art.
1798 328 1876 361 Am.
1901 328 1932 360 2.
1947 329 2020 362 43¹1.
2075 353 2078 356 .

1597 483 1714 516 Claud.
1737 485 1811 516 Stil.
1833 486 1862 516 2.
1887 485 1957 518 132.

1599 947 1700 987 Verg.
1724 948 1810 981 Aen.
1833 949 1862 979 9.
1885 947 1957 978 641.

1599 1025 1678 1058 Juv.
1701 1024 1773 1057 Sat.
1798 1026 1848 1056 ll.
1872 1025 1922 1056 16.

1598 1102 1697 1134 ovid.
1720 1102 1810 1134 Fani„
1834 1104 1861 1132 f>
1886 1102 1935 1132 57.

1595 1179 1651 1211 Sil.
1671 1179 1745 1211 Ital.
1774 1180 1859 1212 Pun-
1879 1180 1930 1210 15.
1950 1179 2023 1209 387.

1597 1256 1699 1291 Ovid.
1712 1265 1754 1288 ex
1771 1257 1868 1289 Pout·
1885 1257 1909 1288 1.
1922 1256 1951 1286 6.
1966 1257 2020 1288 46.

1596 1334 1695 1366 Ovtu.
1718 1334 1799 1365 net.
1821 1335 1850 1365 2.
1874 1334 1946 1365 328.

1597 1412 1740 1443 Maxim.
1752 1411 1868 1450 (Gall.)
1877 1412 1958 1443 Bm.
1973 1411 2020 1441 82.

1596 1489 1678 1539 ἄιεν.
1701 1489 1771 1521 Sat.
1796 1489 1844 1520 10.
1869 1489 1940 1522 1⁴0.

1597 1799 1697 1830 ovid.
1721 1798 1799 1830 Met.
1823 1800 1852 1829 6.
1878 1798 1946 1830 195.

271 1900 308 1911 ..
327 1866 473 1911 ‚Male
504 1872 662 1910 cuncta
692 1865 912 1909 ministrat
943 1865 1149 1920 Impetus·
1182 1865 1262 1906 vid.
1293 1862 1361 1906 Da
1392 1862 1597 1917 spatium.

270 1977 281 1989 .
299 1978 309 1988 .
327 1978 337 1988 .
354 1943 473 1988 Male
504 1943 729 1999 quaeritur
759 1942 922 1997 herbis,

270 2021 465 2066 moribus
497 2026 540 2064 et
572 2020 712 2064 forma
742 2019 1043 2064 conciliandus
1074 2033 1209 2063 amor.

271 2132 281 2143 .
299 2133 309 2144 .
329 2098 475 2142 .Male
505 2111 654 2141 verum
687 2097 910 2141 examinat
941 2097 1083 2140 omnis
1115 2096 1359 2152 Corruptus
1385 2095 1536 2150 judex.

156 2179 239 2220 525
269 2175 390 2220 Malo
420 2182 547 2231 pater
577 2174 658 2218 abi
689 2174 747 2218 sit
776 2174 1019 2228 Thersites,
1050 2173 1285 2218 dummodo
1315 2179 1361 2217 tu
1394 2172 1454 2216 sis

271 2252 492 2298 Aeacidae
523 2251 680 2296 similis
710 2251 1016 2306 Vulcaniaque
1047 2264 1170 2294 arma
1199 2263 1420 2306 capessas,

270 2343 401 2386 quam
431 2335 475 2373 te
506 2328 739 2373 Thersitae
770 2328 957 2372 similem
988 2327 1200 2383 producat
1231 2328 1443 2371 Achilles.

273 2440 282 2451 .
302 2441 312 2450 .
332 2441 341 2450 .
357 2406 543 2450 Manent
574 2406 759 2461 vestigia
789 2406 916 2449 ruris.

270 2484 495 2528 Marmora
524 2483 718 2528 Maeonii
749 2483 928 2526 vincunt
960 2488 1243 2526 monumenta
1272 2482 1434 2534 libelli;

354 2560 515 2604 vivitur
544 2560 734 2616 iugenio,
767 2565 948 2604 caetera
979 2560 1132 2603 mortis
1164 2566 1316 2604 eruut.-

270 2638 470 2682 Maxima
499 2638 685 2682 debetur
714 2651 850 2693 puero
881 2637 1137 2680 reverentia.

271 2714 470 2759 Maxima
498 2714 552 2758 (le
582 2714 722 2758 nihilo
752 2714 948 2758 nascitur
979 2714 1177 2758 historia.

159 2794 251 2837 530.
275 2792 475 2836 Maxima
504 2805 607 2848 pars
638 2791 865 2835 homiuum
896 2792 1049 2835 morbo
1073 2791 1269 2846 jactatur
1299 2790 1465 2834 eodem.

274 2869 474 2913 Maxima
503 2882 702 2930 quaeque
733 2869 887 2913 domus
919 2869 1056 2925 servis
1088 2874 1154 2912 est
1184 2868 1315 2923 plena
1346 2867 1560 2923 superbis,

277 2946 524 2990 ...Mediis
555 2951 632 2989 tua
661 2946 791 3001 pinus
822 2947 868 2989 in
899 2945 1028 2989 undis
1058 2945 1260 3000 Navigat.

276 3056 286 3067 .
304 3022 659 3067 ..Mediocribus
690 3035 786 3067 esse
817 3023 960 3078 poetis

273 3111 360 3144 non
390 3100 604 3155 homines,
634 3113 722 3143 non
753 3099 811 3155 di,
841 3113 929 3143 nou
960 3111 1216 3144 concessere
1246 3098 1486 3142 columnae.

256 3182 263 3188 '
285 3209 295 3221 .
313 3209 323 3220 .
341 3209 351 3220 .
367 3176 519 3220 Medio
548 3177 794 3220 tutissimus
824 3176 923 3221 ibis.

160 3255 244 3296 535
275 3253 350 3297 Me
379 3253 505 3297 dolor
534 3259 578 3298 et
609 3254 818 3297 lacrimae
849 3254 1004 3296 merito
1035 3253 1179 3296 fecere
1211 3252 1412 3308 peritum.

272 3329 347 3372 Me
377 3329 486 3374 (luce
517 3330 573 3374 ad
603 3330 716 3374 hanc
748 3330 837 3374 voti
866 3329 1010 3384 finem,
1042 3342 1110 3374 me
1141 3329 1280 3373 milite
1312 3329 1423 3373 veni.

1597 1953 1696 1985 Ovtd.
1722 1953 1799 1987 Her.
1823 1954 1854 1987 6,
1878 1954 1928 1982 93.

1597 2108 1679 2140 lior.
1701 2108 1770 2140 Sat.
1794 2109 1834 2140 11.
1857 2108 1886 2139 2.
1911 2107 1940 2138 8.

1596 2186 1676 2218 dur.
1699 2185 1768 2220 Sat.
1786 2187 1814 2216 8.
1838 2185 1911 2218 269.

1597 2418 1678 2452 Hor.
1696 2417 1802 2456 Epist.
1826 2417 1867 2451 11,
1894 2417 1920 2447 1.
1946 2417 2027 2451 160,

1596 2517 1624 2525 ..
1639 2515 1644 2521 -
1662 2495 1697 2526 in
1719 2494 1774 2526 ob.
1798 2494 1948 2526 Mac-oen.
1973 2494 2023 2524 37.

1597 2649 1678 2683 δαν.
1701 2649 1770 2680 Sat.
1795 2648 1844 2682 14.
1867 2649 1918 2682 ⁴7.

1602 2726 1703 2765 Proxi.
1726 2726 1777 2759 El.
1800 2726 1841 2757 11.
1866 2726 1894 2757 1.
1919 2726 1965 2756 16.

1600 2803 1682 2835 Hor.
1705 2804 1774 2835 Sat.
1797 2803 1839 2835 11.
1862 2802 1893 2834 3.
1916 2803 1987 2834 121.

1599 2881 1680 2912 Juv.
1704 2880 1772 2913 Sat.
1795 2882 1824 2912 5.
1848 2881 1899 2911 66.

1600 2957 1702 2989 Ovid.
1727 2957 1800 2990 Art.
1827 2957 1906 2989 Am.
1928 2958 1957 2988 2.
1980 2957 2010 2987 9.

1600 3034 1680 3066 nor.
1705 3034 1811 3074 Epist.
1835 3035 1874 3066 Π.
1898 3035 1927 3068 3.
1952 3034 2024 3064 372.

1600 3188 1700 3220 ovid.
1724 3188 1804 3219 Met.
1826 3188 1855 3219 2.
1880 3187 1950 3218 137.

1601 3266 1698 3304 emp.
1724 3265 1772 3297 m.
1798 3265 1826 3296 1.
1849 3264 1878 3294 9.
1902 3265 1930 3298 7.

1595 3342 1683 3373 ovid
1708 3339 1831 3373 Amor.
1849 3341 1949 3376 11-12,
1976 3340 2026 3371 13.
