2164 3666
241 322 343 365 Non
373 327 442 365 est
471 326 593 365 certa
621 320 754 376 fides,
786 335 916 377 quam
948 335 1037 365 non
1067 322 1230 377 injuria
1259 327 1418 365 versat.
1577 335 1678 374 Prop.
1701 334 1752 365 El.
1775 334 1834 366 Ν.
1858 334 1886 364 9.
1913 333 1962 368 19.

127 402 212 442 685
244 399 345 443 Non
376 405 457 455 est,
489 398 620 442 crede
651 398 774 454 mihi,
806 399 1022 454 sapientis
1052 400 1215 454 dicere,
1244 399 1416 444 Vivam.
1576 412 1676 444 Mart.
1699 411 1818 452 Epigr.
1842 412 1868 443 1.
1888 410 1937 445 15.
1962 410 2007 446 11.

328 491 429 521 sera
457 477 589 520 nimis
619 476 712 520 vita
741 482 808 520 est
839 477 1057 520 crastina:
1088 476 1185 520 vive
1215 476 1350 520 hodie

240 554 342 598 Non
373 560 441 598 est
471 554 518 597 in
549 554 720 598 medico
752 567 926 610 semper
956 587 967 609 ,
996 554 1216 597 relevetur
1245 559 1295 598 ut
1325 566 1471 609 aeger,
1577 567 1679 601 Ovid.
1704 575 1747 598 ox
1758 566 1858 599 Pont.
1875 567 1900 599 1.
1919 566 2009 598 3.17.

331 631 554 676 interdum
586 631 719 676 docta
747 632 848 688 plus
883 631 1002 675 valet
1032 636 1126 675 arte
1157 631 1336 676 malum.

246 743 255 753 .
275 743 284 752 .
305 744 314 753 .
331 709 433 753 Non
465 710 751 765 extorquebis
787 709 940 753 amari.
1584 722 1700 754 eiauu.
1719 722 1852 753 Honor.
1864 722 1922 754 Ν,
1935 723 2010 757 282.

347 787 448 831 Non
479 787 640 831 faciam
671 788 892 843 cuiquam,
925 799 1041 842 quae
1071 792 1270 842 tempore
1295 786 1457 832 eodem
1587 797 2011 840 Auson.1·:phem.0r.61.

243 865 381 908 nolim
412 865 533 908 facta
562 865 685 909 mihi.
745 865 840 909 Nec
869 878 973 908 vero
1004 864 1188 908 crimine
1219 863 1386 920 laedar,

247 956 330 986 nec
361 942 558 986 maculer
588 942 743 986 dubio:
774 943 956 998 paulum
986 942 1154 986 distare
1183 941 1360 986 videtur

248 1026 481 1075 suspectus
512 1033 704 1076 vereque
733 1033 849 1064 reus.

247 1098 348 1142 Non
379 1098 479 1141 ideo
512 1098 645 1142 debet
674 1098 832 1154 pelago
864 1110 912 1141 se
943 1097 1138 1153 credere,
1170 1097 1207 1141 si
1239 1111 1328 1152 qua
1583 1110 1684 1144 Ovid.
1707 1109 1808 1142 Trist.
1831 1109 1873 1141 11.
1895 1107 1970 1144 32⁹.

333 1175 468 1219 audet
498 1176 544 1218 in
577 1175 735 1231 exiguo
767 1174 922 1219 ludere
953 1175 1111 1231 cymba
1140 1175 1253 1218 lacu.

111 1256 218 1303 ‚690
247 1253 350 1297 Non
381 1253 538 1308 ignara
569 1253 674 1296 mali
705 1252 879 1297 miseris
911 1266 1170 1298 succurrere
1210 1252 1334 1297 disco
1590 1265 1695 1304 Verg.
1718 1263 1805 1296 Aen.
1829 1265 1859 1296 1.
1882 1244 1988 1296 ceos

249 1366 258 1375 .
278 1365 287 1374 .
307 1364 317 1374 .
334 1331 436 1374 Non
467 1330 513 1373 in
551 1343 654 1374 caro
685 1330 841 1374 nidore
871 1331 1077 1387 voluptas
1590 1342 1674 1374 Hor.
1697 1342 1767 1374 sat.
1791 1343 1834 1377 11.
1856 1341 1885 1377 2.
1909 1340 1959 1378 19.

249 1422 433 1464 summa,
466 1408 545 1452 sed
575 1408 621 1451 in
651 1413 695 1452 te
725 1408 823 1464 ipso
854 1413 934 1452 est.

248 1486 350 1530 Non
380 1485 600 1530 intellecti
631 1486 755 1529 nulla
784 1490 853 1529 est
884 1481 1053 1530 curatio
1084 1486 1240 1529 morbi.
1591 1497 1854 1538 Maximffiau.)
1865 1497 2016 1533 12:1355.

245 1564 347 1608 Non
377 1564 536 1608 metuit
566 1569 768 1619 mortem,
800 1564 876 1618 qui
908 1564 992 1608 scit
1022 1569 1305 1607 contemnere
1336 1563 1485 1608 vitam.
1589 1577 1691 1608 Dion.
1715 1576 1894 1608 eueniet.
1917 1576 1947 1607 4.
1965 1576 2017 1609 22.

246 1641 348 1685 Non
378 1642 522 1685 minor
553 1647 621 1685 est
650 1641 804 1697 virtus,
836 1654 968 1696 quam
999 1654 1228 1697 quaerere,
1259 1645 1390 1696 parta
1419 1640 1548 1684 tueri.
1591 1654 1691 1686 Ovid.
1715 1653 1790 1685 Art„
1806 1649 1890 1684 Am.
1903 1654 1933 1684 2.
1948 1654 1995 1686 13.

136 1723 219 1764 695
250 1720 353 1764 Non
383 1720 575 1764 missura
605 1724 765 1774 cutem,
796 1718 883 1762 nisi
913 1719 1049 1775 plena
1079 1719 1264 1775 cruoris,
1296 1717 1472 1762 hirudo.
1588 1733 1671 1764 1-10r.
1695 1732 1802 1772 Epist.
1826 1731 1869 1763 11.
1893 1731 1921 1762 3.
1945 1730 2020 1763 476.

247 1798 350 1843 Non
378 1803 580 1842 nostrum
610 1797 726 1841 inter
755 1810 832 1841 vos
863 1802 1012 1840 tantas
1043 1810 1309 1853 componere
1340 1796 1456 1840 lites.
1588 1811 1691 1851 verg.
1713 1809 1801 1843 Aen.
1824 1808 1854 1839 3.
1877 1809 1945 1843 108.

248 1875 435 1920 ...Non
466 1889 618 1920 omnes
649 1874 805 1919 eadem
837 1877 918 1919 vicl.
950 1875 1155 1931 Denique
1185 1887 1287 1919 non.

252 1954 439 1998 ...Non
470 1954 619 1998 omnia
648 1953 860 2008 grandior
891 1958 1029 2008 aetas,
1594 1965 1696 1998 Ovio.
1718 1965 1801 1996 Met.
1824 1965 1854 1995 6.
1877 1965 1930 1996 28.

251 2045 364 2087 quae
397 2031 619 2087 fugiamus
650 2031 810 2086 habet,
842 2031 953 2075 seris
983 2030 1104 2074 venit
1134 2043 1240 2074 usus
1272 2031 1328 2074 ab
1360 2030 1503 2074 annis.

253 2109 438 2154 ...Non
469 2109 619 2154 omnia
647 2121 883 2165 possumus
914 2121 1082 2153 omnes.
1594 2121 1696 2161 Verg.
1720 2120 1791 2151 Eci.
1817 2121 1847 2151 8.
1870 2120 1921 2151 6³.

252 2187 353 2232 Non
384 2188 542 2243 opibus
573 2192 743 2230 mentes
774 2186 1003 2230 hominum
1035 2191 1255 2241 curaeque
1275 2185 1491 2229 levantur.
1595 2198 1672 2233 Tib.
1696 2198 1746 2229 ΕΙ.
1769 2197 1829 2232 111.
1853 2198 1883 2229 3.
1905 2198 1957 2231 21.

256 2266 441 2310 ...Non
471 2277 631 2321 parvas
664 2265 744 2307 vicl.
775 2264 979 2320 Denique
1010 2277 1098 2307 non
1127 2277 1169 2319 p.

143 2344 228 2388 700
258 2344 359 2388 Non
389 2344 533 2399 possis
565 2342 692 2386 oculo
723 2347 937 2398 quantum
976 2341 1243 2386 contendere
1272 2341 1488 2397 Lynceus,
1600 2354 1683 2388 Hor,
1707 2353 1815 2393 Epist.
1838 2354 1863 2387 1.
1887 2355 1912 2387 1.
1935 2354 1987 2384 28.

258 2435 347 2466 non
377 2427 526 2465 tamen
557 2420 724 2464 idcirco
755 2425 1012 2464 contemnas
1056 2419 1204 2475 lippus
1234 2419 1400 2475 inungi.

252 2500 353 2544 Non
385 2500 494 2544 satis
526 2504 607 2554 est,
637 2498 829 2554 pulchra
864 2510 960 2542 esse
991 2501 1214 2553 poemata,
1246 2497 1395 2541 dulcia
1425 2502 1571 2552 sunto,
1602 2509 1684 2542 flor.
1707 2509 1814 2549 Epist.
1839 2509 1882 2542 11.
1905 2509 1936 2542 3.
1958 2509 2008 2540 99.

339 2584 384 2621 et
414 2590 690 2634 quocumque
721 2576 870 2620 volent
905 2575 1099 2619 animum
1131 2575 1347 2619 auditoris
1378 2579 1555 2630 agunto.

253 2655 353 2699 Non
385 2655 557 2710 scribit,
593 2654 718 2710 cujus
749 2653 948 2697 carmina
976 2666 1105 2697 nemo
1135 2653 1255 2708 legit.
1473 2708 1477 2713 .
1599 2665 1700 2696 Mart.
1723 2664 1840 2704 Epigr.
1864 2664 1921 2696 111.
1945 2664 1974 2694 9.
1996 2663 2026 2695 2.

253 2733 363 2777 Non*
385 2733 527 2777 solum
558 2738 712 2775 taurus
744 2731 847 2774 ferit
877 2731 1002 2775 uncis
1034 2732 1243 2775 cornibus
1274 2730 1462 2786 hostem,
1601 2743 1702 2782 Prop.
1726 2741 1778 2778 ΕΙ,
1801 2742 1843 2774 11.
1867 2742 1896 2772 5.
1921 2742 1970 2774 19.

336 2824 487 2854 verum
520 2810 653 2853 etiam
684 2809 870 2853 instanti
901 2809 1024 2852 laesa
1052 2813 1271 2863 repugnat
1301 2807 1408 2852 ovis.

253 2888 354 2932 Non
387 2893 490 2932 911111
521 2894 627 2944 apta
657 2900 783 2931 meae
819 2886 1006 2942 grandia
1040 2887 1138 2930 vela
1167 2887 1267 2930 rati.
1598 2897 1773 2937 1‘r0p.1·:1.
1797 2897 1856 2929 lv.
1879 2897 1908 2928 9.
1931 2897 1961 2931 4.

149 2967 230 3010 705
262 2965 361 3010 Non
385 2972 487 3009 911111
507 2966 652 3021 longa,
685 2966 844 3021 quibus
865 2964 978 3008 nihil
1000 2971 1068 3009 est
1098 2964 1216 3021 quod
1238 2963 1414 3008 demere
1445 2962 1706 3018 possisnam.
1731 2975 1847 3015 Epigr.
1869 2974 1911 3007 11.
1936 2975 1983 3008 77.
2000 2974 2028 3006 7.

257 3043 436 3087 ...Νοη
468 3043 560 3086 ulla
590 3043 774 3098 pereuni
805 3043 1027 3098 Amplexu
1058 3042 1236 3086 fortuna
1265 3042 1396 3085 fovet.
1603 3053 1659 3084 911.
1684 3053 1758 3085 nal.
1792 3053 1880 3085 Pun.
1904 3053 1931 3084 7.
1955 3052 2027 3084 244.

252 3122 353 3166 Non
383 3135 577 3177 unquam
608 3126 799 3176 reputat,
833 3121 987 3176 quanti
1019 3121 1104 3164 sibi
1136 3119 1299 3176 gaudia
1337 3122 1552 3163 constent.
1601 3130 1682 3163 Juv.
1705 3131 1775 3162 sat.
1798 3131 1827 3162 6.
1851 3130 1923 3161 363.

257 3198 496 3244 Noseenda
526 3205 594 3242 cst
625 3211 831 3242 mensura
862 3198 930 3242 sui
967 3197 1297 3253 spectandaque
1327 3196 1460 3240 rebus
1603 3209 1682 3242 auv.
1707 3209 1775 3240 snt.
1800 3208 1844 3242 11.
1869 3207 1921 3239 35.

254 3278 300 3321 in
332 3276 515 3321 summis
548 3276 844 3332 minimisque,
876 3276 1014 3320 etiam
1045 3289 1180 3330 quum
1218 3273 1356 3331 piscis
1388 3278 1571 3318 emetur.

260 3355 357 3400 Nos
387 3368 597 3400 numerus
629 3367 780 3399 sumus
811 3359 856 3399 et
885 3353 1034 3410 fruges
1065 3366 1326 3398 consumere
1354 3351 1463 3396 nati.
1607 3364 1689 3397 Hor.
1713 3363 1823 3404 Epist.
1845 3363 1871 3398 1.
1893 3362 1923 3394 2.
1946 3361 1997 3394 2⁷.

2149 3554 2164 3633 ‚aja-xx
2161 3540 2164 3541 ,
2148 3508 2164 3527 ἐι
2160 3446 2162 3450 ,
2162 3427 2164 3435 -
2162 3379 2164 3382 .
2156 3320 2164 3325 ,-
