2164 3666
130 732 216 773 450

128 1668 210 1709 455

250 342 490 398 Interpone
520 344 610 387 tuis
639 343 862 388 interdum
892 345 1055 401 gaudia
1084 346 1215 390 curiS.
1582 359 1688 394 Dion.
1712 358 1883 393 Catum.
1905 360 1935 391 a.
1957 361 1988 392 ε.

249 419 582 464 Intolerabilius
612 421 725 464 nihil
756 427 824 466 est
853 436 985 478 quam
1016 423 1182 467 femina
1210 423 1346 468 dives.
1581 437 1663 468 σαν.
1686 437 1756 469 sat.
1779 438 1808 470 c.
1830 437 1906 472 460.

250 498 457 541 ...Intra
486 498 728 542 Fortunam
759 499 890 544 debet
920 501 1002 544 vid.
1034 500 1174 545 Crede
1203 501 1327 545 mihi.

248 575 390 619 Intrat
421 589 545 620 amor
574 582 743 621 mentes
773 591 869 633 usu,
901 577 1145 622 dediscitur
1173 593 1269 623 usu.
1580 591 1682 624 Ovid.
1704 593 1799 626 Rem.
1823 591 1899 628 503.

335 653 410 708 qui
440 652 607 708 poterit
638 668 793 698 sanum
823 655 1002 711 fingere,
1034 670 1168 701 sanus
1199 657 1297 701 erit.

245 730 500 786 Intrepidus
531 746 851 789 quamcumque
872 732 989 779 datis
1009 734 1132 790 mihi,
1163 735 1359 791 numina,
1378 740 1565 780 mortem
1583 746 1712 779 Lucan.
1736 748 1861 782 Phara.
1881 748 1911 780 5.
1934 748 2008 780 ⁶58.

248 809 476 864 accipiam.

247 886 374 930 Invia
403 888 557 932 virtuti
586 888 710 932 nulla
740 894 808 933 est
837 889 921 933 via.
1584 901 1686 934 ovid.
1708 901 1789 935 ner.
1813 903 1865 934 14.
1889 901 1957 938 113.

246 964 427 1010 Invidus
459 966 643 1010 alterius
673 955 916 1011 macrescit·
937 967 1070 1011 rebus
1102 968 1286 1024 opimis,
1583 979 1667 1014 nor.
1690 979 1799 1020 Epist.
1819 981 1847 1015 1.
1870 982 1900 1012 2.
1923 982 1975 1013 57.

244 1042 411 1086 invidia
442 1043 578 1087 Siculi
609 1058 698 1087 non
728 1037 936 1090 invenere
966 1046 1143 1102 tyranni

246 1120 387 1176 maius
418 1126 699 1166 tormentum.

248 1198 442 1254 Invidus,
474 1200 726 1256 iracundus,
757 1201 891 1256 iners,
922 1201 1115 1257 vinosus,
1147 1207 1332 1257 amator,
1581 1212 1665 1246 Hor:
1685 1213 1795 1254 Epi-t.
1823 1214 1896 1247 1.1.
1917 1214 1968 1245 as.

246 1289 375 1320 nemo
407 1277 518 1321 adeo
548 1277 666 1322 ferus
699 1283 779 1334 est,
810 1284 860 1321 ut
889 1293 979 1323 non
1009 1280 1241 1324 mitescere
1271 1280 1428 1336 possit,

244 1354 282 1397 si
312 1354 442 1398 modo
472 1355 671 1400 culturae
701 1357 945 1412 patientem
976 1357 1225 1402 commodet
1256 1371 1419 1402 aurem.

242 1431 384 1476 virtus
419 1438 487 1477 est
516 1434 672 1477 vitium
704 1435 854 1490 fugere
885 1440 930 1479 et
960 1435 1181 1491 sapientia
1209 1436 1356 1492 prima

244 1511 434 1554 stultitia
464 1511 677 1556 caruisse.

241 1587 293 1630 In
323 1589 474 1632 vitium
506 1588 627 1633 ducit
657 1590 813 1646 culpae
842 1590 960 1646 fuga,
992 1591 1029 1635 si
1060 1596 1182 1635 caret
1211 1596 1320 1635 arte.
1576 1610 1659 1644 nor.
1682 1610 1790 1651 Epist.
1812 1610 1855 1642 11.
1881 1611 1910 1641 3.
1935 1611 1985 1642 31.

242 1665 432 1709 Invitum
465 1667 540 1723 qui
572 1673 730 1723 servat,
761 1668 879 1712 idem
909 1668 1017 1713 facit
1047 1669 1280 1714 occidenti.
1576 1688 1792 1728 Hor.1·:pist.
1814 1688 1857 1721 11.
1879 1688 1911 1718 a.
1933 1688 2006 1719 4⁶7.

244 1744 373 1799 Ipsae
406 1745 539 1788 etiam
570 1745 691 1801 leges
722 1746 919 1802 cupiunt,
953 1752 1004 1790 ut
1028 1747 1130 1802 jure
1159 1753 1383 1803 regantur.
1584 1766 1984 1801 Dion.Cat.Dist.3.16.

242 1822 346 1877 Ipsa
377 1822 511 1867 etiam
542 1824 723 1868 veniens
755 1825 975 1868 consumit
1005 1838 1115 1869 saxa
1142 1830 1340 1870 vetustas
1577 1843 2006 1885 Max.(Gan.)1·:1.1.2⁷3.

328 1907 373 1944 et
402 1902 573 1944 nullum
605 1908 685 1958 est,
717 1902 835 1958 quod
865 1917 955 1947 non
984 1908 1185 1959 tempore
1216 1903 1361 1959 cedat,
1393 1916 1518 1960 opus.

241 1979 346 2034 Ipsa
377 1979 555 2034 quidem
586 1980 724 2035 Yirtus
754 1981 947 2036 pretium
979 1981 1077 2025 sibi.
1579 2002 1757 2036 claudian.
1780 2000 1911 2033 Theou.
1940 2001 1970 2031 1.

240 2057 345 2112 Ipsa
375 2057 552 2113 quidem
582 2058 722 2102 virtus
753 2059 931 2103 sibimet
961 2060 1268 2116 pulcherrima
1299 2074 1495 2115 merces3
1583 2080 1639 2112 sn.
1662 2080 1736 2113 Ital.
1761 2080 1848 2111 Pun.
1872 2079 1922 2110 13.
1933 2078 2002 2110 sea

240 2134 368 2180 dulce
398 2141 548 2181 tamen
579 2138 698 2181 venit
729 2137 786 2181 ad
817 2151 986 2194 manes,
1018 2152 1152 2194 quum
1183 2138 1328 2194 gratia
1355 2138 1474 2182 vitae

241 2212 372 2257 durat
405 2214 522 2270 apud
555 2215 762 2270 Superos,
794 2229 876 2259 nec
906 2215 1044 2259 edunt
1075 2215 1240 2260 oblivia
1269 2215 1458 2260 laudem.

129 2293 215 2335 460
245 2291 349 2348 Ipsa
380 2306 553 2348 quoque
585 2293 765 2337 assiduo
796 2294 1006 2338 labuntur
1036 2299 1239 2350 tempora
1267 2299 1403 2350 motu,
1578 2313 1680 2347 ovid.
1703 2313 1786 2345 Met.
1810 2313 1860 2344 ιε,
1883 2312 1950 2347 1⁷9.

239 2384 329 2413 non
351 2384 477 2415 secus
508 2385 559 2414 ac
581 2370 758 2415 flumen.
818 2371 973 2428 Neque
995 2372 1112 2416 enim
1133 2372 1377 2417 consistere
1397 2371 1576 2427 flumen,

237 2462 319 2493 nec
350 2449 459 2493 levis
490 2450 602 2493 hora
630 2455 798 2505 potest:
831 2450 909 2494 sed
938 2455 987 2494 ut
1017 2450 1137 2494 unda
1166 2451 1411 2506 impellitur
1441 2449 1575 2506 unda,

238 2531 506 2581 urgeturque
536 2528 658 2582 prior
688 2528 905 2583 veniente,
936 2534 1150 2584 urgetque
1180 2529 1397 2584 priorem:
1507 2519 1523 2532 ⁶

237 2610 440 2660 tempora
471 2605 533 2648 sic
563 2604 738 2661 fugiunt
767 2606 947 2662 pariter,
979 2606 1234 2662 pariterque
1265 2610 1529 2662 sequuntur.

238 2682 339 2738 Ipse
371 2683 517 2739 decor,
548 2688 668 2728 recte
700 2684 806 2728 facti
839 2684 876 2729 si
905 2684 1107 2740 praemia
1138 2684 1297 2740 desint,
1575 2695 2001 2734 ovidmxrontumn,

320 2746 409 2805 non
439 2767 595 2817 movet,
628 2767 672 2806 et
701 2762 838 2817 gratis
868 2763 1069 2818 poenitet
1099 2776 1196 2807 esse
1225 2763 1424 2819 probum.

240 2838 342 2894 Ipse
374 2839 480 2884 licet
510 2840 654 2884 Musis
688 2840 767 2884 vid.
799 2840 962 2885 Aurea.

235 2917 336 2973 Ipse
367 2932 528 2973 parens
559 2924 721 2974 vatum,
752 2919 958 2975 princeps
988 2918 1230 2975 Heliconis,
1261 2918 1480 2963 Homerus
1569 2929 1687 2962 claud.
1717 2929 1832 2969 Epigr.
1855 2928 1907 2965 19.
1930 2927 1979 2964 13.

314 2995 480 3050 judicis
512 2997 687 3051 excepit
716 2997 807 3040 tela
837 3010 991 3041 severa
1020 3002 1164 3042 notae.

234 3074 307 3117 Ira
337 3074 459 3117 furor
489 3075 634 3118 brevis
666 3080 754 3118 est:
787 3075 983 3118 animum
1013 3089 1130 3132 rege,
1162 3075 1237 3131 qui
1268 3074 1354 3119 nisi
1384 3079 1526 3130 paret,
1568 3086 1648 3117 flor.
1671 3085 1779 3124 Epist.
1803 3085 1831 3117 1.
1854 3086 1884 3117 2.
1908 3086 1958 3117 62.

234 3151 444 3207 imperat:
478 3152 595 3196 hunc
627 3152 780 3209 frenis,
811 3153 930 3197 hunc
960 3158 1009 3197 tu
1040 3166 1271 3209 compesce
1303 3157 1473 3197 catena.

234 3229 306 3273 Ira
337 3230 484 3273 odium
517 3236 711 3287 generat,
743 3231 981 3275 concordia
1010 3231 1150 3275 nutrit
1179 3244 1386 3275 amorem.
1569 3242 1672 3273 Dion.
1697 3240 1771 3274 eat.
1792 3240 1881 3275 Dm.
1905 3240 1930 3275 1.
1942 3238 1996 3276 8⁶.

233 3307 330 3352 Irus
353 3314 396 3351 et
418 3314 485 3352 est
507 3296 666 3364 subito,
698 3309 775 3364 qui
797 3308 927 3354 modo
949 3308 1140 3354 Croesus
1161 3314 1258 3353 erat
1288 3309 1369 3352 vid.
1387 3308 1572 3363 Nempe.

118 3387 201 3429 465
233 3384 277 3430 Is
308 3385 431 3431 locus
462 3385 622 3443 officio,
654 3400 787 3442 quum
819 3392 996 3432 cessant
1025 3394 1251 3443 prospera,
1283 3398 1504 3442 quumque
1571 3397 1627 3429 su.
1650 3397 1724 3429 ιιιι
1748 3397 1833 3429 run.
1859 3394 1902 3431 11.
1926 3394 1997 3432 167.
