2164 3666
1056 176 1108 225 18

260 359 270 369 .
288 360 298 369 .
317 359 326 370 .
345 324 614 369 Immensum
645 325 786 381 gloria
815 326 899 370 vid.
929 325 1125 370 Excitat.

144 406 228 446 405
259 403 513 447 Immodicis
543 403 688 447 brevis
720 408 788 447 est
818 409 941 447 aetas
972 409 1016 447 et
1046 417 1148 447 rara
1178 410 1396 449 senectus.

345 481 559 536 quidquid
591 495 728 536 amas,
761 481 914 536 cupias
946 494 1035 524 non
1065 482 1288 536 placuisse
1318 483 1464 526 nimis.

257 559 531 603 Immortalia
560 573 614 602 ne
646 572 810 615 speres,
842 565 991 602 monet
1021 573 1162 603 annus
1194 565 1237 603 et
1267 560 1431 604 almum

259 651 370 692 quae
401 638 520 693 rapit
550 638 662 680 hora
691 638 823 681 diem.

257 716 538 760 Immutabile
569 716 686 759 enim
718 716 927 770 quiddam
960 729 1168 771 superare
1200 730 1380 762 neeesse
1413 723 1492 762 est.

257 793 500 849 Impatiens
531 796 716 849 animus,
747 807 829 837 nec
861 793 1005 837 adhuc
1035 795 1286 838 tractabilis
1316 801 1412 838 arte

340 873 511 928 respuit
541 877 674 927 atque
706 872 807 915 odio
838 873 973 917 verba
1003 872 1222 916 monentis
1252 872 1401 918 habet.

256 950 451 1006 Imperat
481 956 557 994 aut
588 950 723 994 servit
753 949 941 993 collecta
970 951 1172 1013 pecunias
1191 942 1360 1007 cuique,

255 1034 421 1072 tortum
452 1029 585 1084 digna
617 1029 741 1083 sequi
772 1027 933 1084 potius,
966 1042 1098 1083 quam
1129 1028 1290 1072 ducere
1319 1029 1483 1073 funem.

140 1109 226 1150 410
256 1107 399 1163 Impia
429 1107 510 1150 sub
542 1106 660 1150 dulci
692 1106 822 1150 melle
853 1120 1022 1150 venena
1052 1107 1204 1150 latent.

218 1311 227 1315 ,
255 1277 335 1318 per
366 1277 486 1307 mare
518 1263 772 1319 pauperiem
806 1263 992 1319 fugiens,
1023 1276 1104 1318 per
1134 1276 1256 1318 saxa,
1287 1277 1368 1319 per
1397 1264 1541 1318 ignes:

138 1735 221 1775 415

255 1185 449 1240 Impiger
479 1191 700 1229 extremos
733 1185 873 1228 curris
905 1191 1124 1228 mercator
1154 1185 1210 1228 ad
1241 1183 1388 1240 Indos,

254 1355 309 1385 ne
341 1355 467 1385 cures
500 1355 564 1397 ea,
596 1355 709 1396 quae
741 1342 875 1385 stulte
907 1341 1082 1384 miraris
1115 1346 1158 1384 et
1189 1346 1332 1396 optas,

255 1419 425 1463 discere
457 1425 500 1463 et
531 1420 683 1463 audire
714 1425 758 1463 et
788 1418 960 1463 meliori
993 1418 1172 1462 credere
1202 1432 1290 1462 non
1320 1418 1419 1463 vis?

251 1497 324 1540 Im
335 1498 533 1553 probitas
565 1498 641 1541 illo
672 1497 756 1541 fuit
786 1496 1062 1540 admirabilis
1095 1510 1214 1540 aevo.
1239 1511 1241 1514 ’

255 1576 391 1620 ...In
422 1576 613 1620 audaces
643 1589 731 1619 non
763 1580 830 1619 est
861 1574 1048 1618 audacia
1078 1580 1186 1618 tuta.

253 1653 305 1696 In
335 1654 541 1698 brevibus
572 1667 797 1708 nunquam
829 1666 926 1697 sese
956 1653 1117 1708 probat
1146 1652 1313 1696 Aeolus
1345 1652 1496 1695 antris.

253 1732 304 1774 In
336 1746 470 1776 causa
500 1731 622 1775 facili
653 1731 791 1775 cuivis
821 1731 926 1774 licet
957 1744 1053 1775 esse
1085 1730 1263 1774 diserto.
1320 1753 1324 1756 -

253 1811 415 1855 Incidit
445 1811 490 1853 in
522 1810 714 1866 Scyllam
746 1810 821 1864 qui
851 1810 944 1853 vult
974 1809 1112 1853 vitare
1145 1807 1444 1864 charybdin.*)

252 1889 404 1944 Incipe
436 1890 516 1932 vid.
547 1888 804 1931 Dimidium.

252 1966 302 2010 In
335 1980 565 2010 commune
589 1966 720 2021 jubes
752 1966 790 2009 si
821 1965 926 2020 quid
959 1978 1167 2009 censesve
1198 1963 1452 2019 tenendum,

251 2045 422 2100 primus
447 2044 574 2100 jussa
605 2044 723 2088 subi:
755 2051 861 2087 tunc
893 2042 1200 2087 observantior
1231 2042 1361 2097 aequi

250 2123 299 2167 fit
329 2123 532 2179 populus,
564 2137 644 2166 nec
676 2123 791 2166 ferre
823 2128 968 2178 negat,
1002 2135 1135 2176 quum
1167 2120 1327 2163 viderit
1357 2120 1502 2175 ipsum

252 2208 478 2246 auctorem
510 2214 667 2257 parere
700 2200 797 2243 sibi.
860 2199 1149 2262 Componitur
1180 2198 1302 2242 orbis

251 2280 369 2335 regis
401 2279 457 2323 ad
489 2279 761 2333 exemplum:
793 2292 874 2321 nec
907 2277 970 2321 sic
1001 2275 1231 2320 inflectere
1264 2289 1419 2321 sensus

250 2358 468 2401 humanos
499 2357 645 2401 edicta
674 2357 834 2411 valent,
866 2361 914 2399 ut
944 2356 1036 2399 vita
1065 2355 1273 2410 regentis,

251 2437 414 2480 mobile
445 2440 641 2478 mutatur
673 2447 846 2489 semper
877 2448 976 2477 cuin
1008 2433 1207 2488 principe
1238 2433 1406 2488 vulgus.

251 2514 302 2556 In
334 2514 462 2569 culpa
494 2519 561 2557 est
593 2513 764 2556 animus
796 2513 869 2567 qui
902 2526 948 2555 se
979 2525 1067 2555 non
1099 2510 1252 2565 effugit
1283 2523 1488 2564 unquam.

251 2592 302 2635 In
324 2598 422 2636 cute
455 2591 651 2636 curanda
680 2591 780 2646 plus
812 2603 952 2644 aequo
984 2595 1168 2644 operata
1191 2588 1412 2642 juventus.

252 2669 522 2723 Iiidedatae
554 2670 672 2724 leges
704 2682 758 2712 ne
789 2667 956 2710 firmior
986 2666 1135 2710 onmia
1163 2671 1326 2721 posset.

137 2750 223 2790 420
253 2747 360 2791 Inde
392 2748 482 2791 fere
515 2748 729 2791 scelerum
761 2759 933 2801 causae,
966 2759 1046 2788 nec
1076 2744 1206 2799 plura
1234 2756 1402 2787 venena

253 2826 428 2869 miscuit
459 2831 534 2869 aut
565 2825 682 2869 ferro
714 2830 941 2880 grassatur
972 2822 1149 2878 saepius
1181 2821 1319 2865 ullum

250 2903 470 2947 humanae
502 2903 662 2947 mentis
695 2902 860 2956 vitlum,
893 2915 1024 2956 quain
1058 2913 1191 2944 saeva
1222 2899 1384 2954 cupido

251 2981 454 3025 indomiti
486 2994 662 3025 census:
694 2994 796 3023 nam
828 2979 950 3022 dives
982 2978 1058 3034 qui
1089 2978 1184 3022 fieri
1217 2978 1321 3033 vult,

252 3065 296 3103 et
326 3059 414 3103 cito
445 3060 537 3102 vult
568 3059 675 3102 fieri.
738 3057 825 3101 Sed
857 3070 969 3112 quae
1001 3055 1251 3100 reverentia
1282 3055 1439 3109 legum,

1588 419 1690 454 Mart.
1705 419 1821 460 Epigr.
1846 418 1904 452 VI.
1920 421 1972 452 29.
1987 420 2017 452 7.

1589 575 1672 609 Hor.
1697 574 1810 607 Carni.
1832 575 1891 610 IV.
1904 576 1942 607 Υ7.
1966 576 1995 607 7.

1588 702 1687 734 Luci-.-
1704 702 1746 734 de
1771 712 1796 735 r.
1824 711 1858 734 n.
1882 702 1908 734 1.
1944 703 2015 735 738.

1734 745 1780 777 11.
1803 745 1877 776 749.

1591 807 1692 842 Ovid.
1715 810 1813 843 Rem.
1837 806 1908 841 123.

1590 964 1674 998 Hor.
1697 964 1806 1004 Epist.
1827 965 1854 996 1.
1877 964 1928 996 10.
1949 964 2002 997 4⁷.

1592 1119 1692 1151 Ovid:
1704 1119 1822 1152 Amor.
1842 1121 1868 1152 1.
1892 1119 1922 1155 8.
1940 1121 2013 1156 104.

1591 1197 1673 1229 Hor.
1695 1197 1804 1237 Epist.
1833 1199 1859 1230 1.
1896 1199 1925 1230 1.
1948 1200 1999 1231 45.

1620 1271 1623 1273 -
2006 1253 2032 1282 ο

1584 1517 1666 1548 δυν.
1688 1516 1759 1550 Sat.
1783 1517 1833 1548 13.
1855 1517 1908 1548 53.

1588 1593 1689 1625 Ovid.
1711 1594 1794 1626 Met.
1816 1595 1868 1626 10.
1890 1595 1964 1626 544.

1587 1671 1704 1703 Claud.
1724 1671 1835 1712 Epist.
1864 1673 1901 1707 1.-
1919 1673 1970 1704 35.

1589 1749 1690 1782 Ovid.
1706 1750 1807 1784 'Pr-ist.
1825 1750 1883 1783 111.
1897 1751 1947 1785 11.
1963 1752 2014 1782 21.

1796 1829 1812 1859 ἲ

1589 1985 1704 2017 claud.
1724 1985 1855 2017 Honor.
1869 1986 1925 2018 IV.
1939 1985 2014 2020 296.

1588 2523 1669 2554 lior.
1693 2522 1798 2562 Epist.
1822 2522 1845 2554 1.
1870 2522 1919 2554 14.
1942 2523 1988 2556 13.

1584 2601 1667 2632 Hor.
1691 2600 1797 2639 Epizt.
1821 2600 1845 2631 1.
1869 2600 1898 2631 2.
1922 2599 1973 2630 29.

1585 2677 1684 2710 Ovid.
1708 2677 1799 2710 Fast.
1821 2678 1852 2710 3.
1873 2678 1946 2710 279.
2000 2708 2003 2711 .

1582 2756 1664 2790 Juv.
1687 2755 1757 2791 Sat.
1782 2756 1831 2789 14.
1855 2756 1927 2788 1⁷3.

251 3138 348 3192 quis
381 3143 523 3181 metus
556 3142 630 3180 aut
662 3135 804 3191 pudor
825 3141 892 3179 est
913 3147 1104 3189 unquam
1127 3132 1409 3189 properantis
1431 3131 1585 3176 avari?

136 3265 168 3302 ¹¹)
193 3264 334 3302 Legitur
357 3265 391 3295 in
415 3263 708 3300 „Alexundreidos
733 3263 862 3294 Gnltori
885 3265 1007 3301 poetae
1031 3261 1217 3299 clarissimi,
1240 3260 1334 3291 Libri
1358 3259 1497 3290 decenn·
1521 3258 1563 3292 V.
1587 3256 1829 3295 804:.‚1n01‹ns
1851 3257 1887 3288 in
1910 3255 2007 3296 Scyl-

194 3321 260 3351 lam
286 3322 425 3359 cupiens
450 3322 556 3352 vitiu-e
580 3320 801 3359 charybdium,
825 3321 872 3350 ita
896 3322 1023 3356 tamen,
1047 3321 1083 3349 ut
1107 3325 1147 3348 eo
1171 3319 1325 3356 tompore
1348 3315 1476 3355 (flcmtit
1498 3317 1613 3345 aut-cni
1638 3322 1665 3347 c.
1683 3321 1813 3345 annum
1830 3314 1918 3351 1160)
1929 3313 2004 3352 Jam

186 3378 228 3408 ,1η
254 3377 473 3415 proverbium
497 3377 619 3409 abiisse
643 3379 816 3415 appareat.
1228 3367 1232 3372 “
