2164 3666
906 172 1308 224 t—A—ffi——n

165 324 250 368 565
279 322 535 368 Morborum
563 322 610 367 in
639 320 746 367 vitio
775 322 919 367 facilis
949 323 1171 367 medicina
1199 323 1379 367 recenti.
1598 334 1823 368 Grau-'alise
1847 335 1933 376 cyn.
1950 336 2028 370 361.

279 401 539 446 ...Morian
597 400 720 444 Mors
749 400 906 444 ultima
934 401 1053 444 linea
1083 414 1241 445 rerum.
1594 413 1678 447 nor.
1702 413 1809 452 Epist.
1842 413 1868 446 1.
1900 413 1951 446 16.
1976 413 2026 443 79-

281 477 405 521 Mors
435 490 585 522 aurem
615 477 802 522 vellens:
833 477 1050 534 ‚,Vivite‚“
1081 479 1144 522 ait
1174 478 1371 534 „venio.“
1606 491 1709 529 Verg.
1734 490 1816 530 (τοι).
1840 491 1890 522 ss.

283 588 294 600 .
312 589 322 600 .
340 589 350 600 .
367 555 489 599 Mors
520 560 661 598 morte
691 554 857 610 pianda
886 560 965 599 est.
1604 567 1704 599 ovid.
1728 567 1808 598 Met.
1832 568 1861 598 8.
1884 568 1955 599 483.

282 632 489 677 ...Mors
520 637 672 687 optata
700 632 870 676 recedit
899 633 982 676 vid.
1014 632 1167 676 Dulce.

281 709 491 764 Morsque
522 709 666 753 minus
696 722 865 765 poenae
895 722 1027 765 quam
1057 723 1180 753 mora
1209 710 1363 754 mortis
1394 709 1541 753 habet.
1601 722 1700 754 Ovm.
1725 722 1803 756 ner.
1828 723 1879 757 10.
1904 723 1954 753 82.

168 802 255 845 570
284 834 294 844 .
313 834 323 845 .
341 835 351 845 .
368 800 491 844 Mors
522 800 617 844 sola
647 800 824 856 fatetur,
1603 814 1684 848 συν.
1707 814 1776 848 Sat.
1801 815 1850 845 ιο.
1875 815 1945 845 172.

282 877 496 934 quantula
524 878 612 922 sint
642 877 869 921 hominum
900 878 1173 933 corpuscula.
1580 873 1584 875 ⁴

282 987 293 999 .
310 988 321 998 .
339 988 349 999 .
365 939 576 999 Mortalia
604 954 724 999 facta
752 956 977 1011 peribunt:
1606 969 1686 999 nor.
1711 968 1817 1008 Epist.
1841 969 1882 1000 11.
1906 968 1933 997 3.
1957 968 2008 999 os.

280 1030 443 1076 nedum
473 1045 722 1076 sermonum
753 1038 839 1076 stet
869 1033 1010 1077 honos
1040 1038 1084 1076 et
1113 1033 1256 1088 gratia
1286 1033 1425 1076 vivax.

280 1109 420 1154 multa
447 1116 735 1154 renascentur
766 1123 878 1165 quae
902 1110 996 1165 jam
1027 1110 1239 1164 cecidere,
1271 1110 1518 1164 cadentque

206 1222 210 1226 ,
281 1200 395 1243 quae
423 1201 540 1231 nunc
570 1193 673 1231 sunt
702 1187 749 1231 in
779 1187 945 1231 honore
974 1187 1200 1243 vocabula,
1231 1187 1269 1231 si
1299 1187 1415 1230 volet
1445 1199 1564 1241 usus,

281 1277 410 1320 quem
442 1278 578 1321 penes
609 1264 842 1308 arbitrium
874 1269 942 1309 est
971 1270 1016 1309 et
1039 1265 1114 1320 jus
1145 1270 1189 1308 et
1209 1277 1362 1308 norma
1383 1263 1605 1319 loquendi.

280 1349 426 1394 Morte
456 1349 567 1394 mori
597 1349 755 1393 melius
786 1362 917 1405 quam
948 1349 1083 1392 vitam
1114 1348 1273 1392 ducere
1305 1348 1472 1391 mortis,
1603 1362 2021 1403 Maxnn.(ca11.)ffl.1.‘.›o:·.

279 1427 380 1472 Mos
410 1426 529 1471 ferus
559 1426 739 1471 audacis
769 1427 934 1482 populi,
966 1440 1095 1481 quem
1126 1426 1248 1470 nulla
1278 1431 1399 1470 tenet
1431 1425 1514 1468 lex.
1603 1441 1731 1473 Annon.
1756 1441 1849 1481 Illyll.
1876 1442 1923 1473 12.
1950 1442 1991 1474 11.

282 1504 528 1549 ...Mulier
558 1503 717 1559 cupido
748 1504 864 1559 quod
895 1503 1003 1547 dicit
1032 1505 1211 1558 amanti,
1607 1518 1727 1551 eatuu.
1752 1519 1863 1550 carm.
1889 1521 1937 1550 το.
1962 1521 1992 1550 4.
2063 1511 2069 1515 '

364 1582 411 1626 in
441 1586 572 1626 vento
603 1586 646 1626 et
676 1581 832 1637 rapida
863 1581 1057 1625 scribere
1088 1586 1262 1637 oportet
1293 1594 1419 1636 aqua.

167 1676 250 1719 575
283 1707 293 1718 .
311 1708 321 1718 .
339 1708 349 1718 .
365 1674 530 1718 Mulier
559 1673 817 1717 saevissima
846 1678 949 1716 tunc
981 1678 1061 1728 est,
1605 1688 1685 1719 συν.
1708 1686 1777 1719 Sat.
1802 1688 1851 1720 ιο.
1874 1688 1944 1719 329,

280 1765 414 1806 quum
445 1750 645 1795 stimulos
677 1750 779 1795 odio
809 1750 952 1805 pudor
982 1749 1197 1794 admovet.

279 1828 425 1872 Multa
454 1827 617 1872 cadunt
646 1828 762 1871 inter
793 1827 974 1871 calicem
1004 1840 1294 1882 supremaque
1324 1826 1461 1870 labra.
1605 1841 2028 1881 (0011.xoet.An.13.17.)

279 1904 425 1949 Multa
453 1905 548 1949 dies
577 1905 774 1960 variique
804 1904 930 1948 labor
960 1904 1185 1948 mutabilis
1216 1904 1312 1948 aevi
1602 1919 1702 1959 νοτε.
1726 1919 1810 1951 Aen.
1836 1921 1882 1951 11.
1907 1921 1978 1953 42³.

280 1982 451 2026 rettulit
480 1982 526 2026 in
557 1982 733 2036 melius3
766 1981 928 2026 multos
959 1982 1130 2025 alterna
1159 1982 1355 2025 revisens

280 2059 386 2104 lusit
416 2066 460 2104 et
490 2060 535 2103 in
565 2059 707 2103 solido
737 2072 888 2103 rursus
918 2059 1116 2102 Fortuna
1146 2059 1319 2102 locavit.

280 2137 426 2180 Multa
453 2135 585 2180 fidem
616 2137 835 2192 promissa
865 2136 1025 2191 levant,
1056 2137 1131 2179 ubi
1161 2137 1335 2192 plenius
1366 2149 1507 2191 aequo
1608 2150 1689 2182 nor.
1713 2151 1818 2191 Epist,
1843 2153 1881 2184 11.
1906 2153 1933 2183 2.
1958 2155 2007 2187 10.

281 2213 436 2258 laudat
465 2214 655 2268 venales,
687 2214 761 2268 qui
793 2214 885 2257 vult
915 2214 1162 2269 extrudere,
1194 2227 1375 2257 merces.

280 2291 523 2347 Multaque,
554 2290 657 2334 dum
688 2291 798 2334 fiunt
828 2291 989 2346 turpia,
1021 2291 1139 2335 facta
1168 2291 1357 2347 placent.
1604 2305 1704 2337 Ovm.
1728 2306 1802 2339 Art.
1830 2306 2027 2341 Am.3.218.

281 2382 426 2425 Multa
454 2387 743 2426 renascentur
772 2382 853 2425 vid.
885 2381 1096 2425 Mortalia
1126 2382 1257 2426 facta.

281 2459 427 2503 Multa
455 2459 557 2503 tulit
587 2459 780 2515 fecitque
812 2473 921 2514 puer
952 2460 1031 2503 rid.
1063 2458 1148 2513 Qui
1179 2459 1338 2503 studet.

168 2539 253 2581 580
285 2571 295 2581 .
314 2571 323 2581 .
342 2571 352 2582 .
369 2537 501 2580 Multi
1146 2536 1152 2543 ’
1607 2550 1686 2582 Juv.
1709 2549 1781 2582 Sat.
1805 2551 1854 2582 13.
1880 2550 1949 2585 103.

282 2614 562 2658 committunt
591 2614 745 2658 eadem
777 2614 950 2659 diverso
981 2614 1166 2658 crimina
1195 2613 1306 2658 fato:

281 2691 357 2734 ille
388 2704 563 2735 crucem
595 2691 775 2736 sceleris
805 2691 995 2747 pretium
1026 2691 1141 2746 tulit,
1173 2691 1246 2734 hic
1277 2690 1492 2734 diadema.

282 2801 292 2812 .
311 2802 320 2812 .
339 2802 349 2812 .
367 2767 595 2823 Multoque
624 2765 671 2811 in
700 2769 832 2812 rebus
863 2769 1035 2812 acerbis
1599 2781 1756 2814 Lucr.‹1e
1780 2792 1804 2814 r.
1832 2792 1864 2815 n.
1891 2783 1920 2812 3.
1955 2784 2005 2814 5.·1.

282 2845 428 2889 acrius
459 2844 693 2889 advertunt
722 2846 892 2889 animos
922 2845 979 2888 ad
1009 2845 1295 2900 relligionem.

280 2921 447 2966 Multos
478 2922 733 2977 imperitare
764 2923 949 2966 malum:
980 2936 1060 2966 rex
1090 2923 1246 2966 unicus
1278 2928 1386 2965 esto.
1604 2936 1722 2975 (Hom.
1745 2938 1781 2968 11.
1805 2940 1834 2971 2
1857 2940 1944 2977 204.)
1979 2970 1986 2975 ,

282 2998 472 3042 Multum
502 2999 547 3042 in
577 3012 725 3043 amore
755 2999 877 3054 fides,
908 2999 1093 3042 multum
1124 3000 1374 3043 constantia.
1394 2999 1587 3054 prodest.
1605 3014 1704 3053 Prop.
1728 3015 1779 3049 El.
1803 3016 1860 3047 111.
1883 3017 1934 3046 2⁶.
1951 3016 2002 3048 27.

283 3075 481 3130 Munera,
512 3075 642 3120 crede
672 3076 794 3131 mihi,
825 3076 1005 3131 capiunt
1035 3076 1321 3131 hominesque
1353 3076 1558 3131 deosque.
1604 3090 2029 3125 Ovi‹1.Art.A=11.2.c=·›3.

283 3186 293 3196 .
312 3186 322 3196 .
340 3186 350 3196 .
367 3153 540 3196 Mutato
569 3153 745 3196 nomine
776 3154 857 3196 vid.
889 3151 1004 3206 Quid
1034 3153 1166 3196 rides.

170 3329 253 3370 585
284 3305 421 3380 Nam
451 3333 615 3378 crimen
646 3334 814 3378 nullum
844 3334 933 3378 vini
964 3338 1044 3390 est,
1075 3333 1152 3378 sed
1183 3335 1314 3389 eulpa
1343 3335 1547 3379 bibentis.
1607 3349 1708 3380 mon.
1733 3349 1804 3381 eat.
1829 3350 1914 3381 nist.
1937 3350 2030 3382 221.

1671 3410 1691 3443 21
