2164 3666
0 3598 12 3666 ‘W'
0 3566 5 3579 ⁷

234 356 237 358 q
290 301 388 346 Nec
417 302 572 357 procul
603 315 630 345 a
660 301 848 345 stabulis
878 301 1012 345 audet
1042 301 1262 355 secedere,
1293 301 1330 344 si
1361 314 1449 356 qua

375 391 567 423 excussa
595 384 664 422 est
693 378 813 422 avidi
845 378 1052 423 dentibus
1075 363 1197 432 *agna
1226 378 1333 433 lupi.

293 455 388 500 Nec
418 468 532 511 quae
561 456 794 511 praeteriit
823 456 906 500 vicl.
936 455 1173 500 Venturae.

1646 157 1664 172 0

1619 312 1718 344 Ovid.
1742 311 1845 343 Trist.
1868 309 1894 340 1.
1925 308 1952 337 1.
1977 307 2026 336 77.

289 532 383 577 Nec
412 532 644 588 quisquam
674 533 830 576 melior
859 532 1069 588 medicus,
1100 545 1231 587 quam
1260 531 1374 576 fidus
1404 531 1583 575 amicus.
1614 544 1718 576 Dion.
1743 542 1816 574 Cat·
1833 541 1920 574 nist.
1942 538 2040 570 4.13.

291 608 386 654 Nee
414 622 623 654 revocare
650 615 793 665 potes,
824 610 899 665 qui
929 610 1114 665 periere,
1145 609 1252 653 dies.

179 703 264 744 610
292 699 387 746 Nee
417 713 591 756 semper
621 699 843 744 credenda
872 700 1004 745 Ceres
1034 700 1267 744 fallacibus
1298 699 1427 754 arvis,

374 790 456 821 nec
486 791 661 834 semper
690 777 820 822 viridi
851 791 1044 822 concava
1072 778 1233 833 puppis
1264 790 1418 833 aquae.

289 854 383 899 Nec
413 867 587 911 semper
615 855 745 899 feriet
775 855 1065 911 quodcunque
1096 855 1339 898 minabitur
1368 867 1510 899 arcus.

289 930 384 976 Nee
414 931 510 976 sola
539 933 744 988 antiquos
775 938 968 977 ostentat
998 933 1140 976 Roma
1170 932 1373 976 Catones.

289 1009 383 1054 Nee
413 1015 458 1054 te
488 1008 712 1064 decipiant
742 1009 892 1054 stolidi
923 1009 1158 1053 mendacia
1188 1009 1322 1064 vulgi.

289 1077 383 1131 Nec
412 1090 458 1130 te
487 1085 698 1142 laudaris,
729 1100 810 1131 nec
841 1092 885 1131 te
915 1087 1162 1143 culpaveris
1193 1086 1302 1142 ipse.

181 1179 266 1225 615
296 1175 391 1221 Nec
420 1177 554 1222 tellus
584 1177 738 1222 eadem
769 1179 886 1234 parit
917 1178 1076 1222 omnia.

293 1287 304 1298 .
322 1287 332 1298 .
350 1287 360 1298 .
376 1254 471 1299 Nee
500 1260 544 1299 te
574 1255 845 1310 quaesiveris
875 1262 1015 1299 extra.

291 1329 386 1375 Nec
414 1330 497 1375 tibi
527 1332 738 1376 nobilitas
767 1333 932 1388 poterit
962 1346 1217 1377 succurrere
1248 1333 1436 1376 amanti:

376 1408 519 1453 nescit
549 1409 687 1453 Amor
716 1410 874 1466 priscis
906 1410 1062 1455 cedere
1093 1409 1372 1465 imaginibus.

291 1484 387 1529 Nee
416 1484 499 1529 tibi
530 1485 605 1541 qui
635 1487 820 1531 moritur
850 1487 1014 1531 desinit
1043 1500 1141 1531 esse
1171 1493 1286 1531 tuuS.

292 1561 386 1607 Nec
416 1562 570 1607 timeat
601 1570 785 1608 mortem
815 1564 927 1608 bene
958 1565 1136 1608 conscia
1165 1564 1255 1608 vita
1285 1577 1365 1607 nec
1396 1570 1531 1620 optet.

181 1656 267 1698 620
295 1653 389 1698 Nec
419 1660 496 1698 tua
525 1654 728 1700 laudabis
758 1656 906 1700 studia
934 1662 1011 1699 aut
1040 1655 1187 1699 aliena
1215 1655 1468 1711 reprendes.

295 1764 333 1775 ..
351 1764 361 1775 .
379 1730 446 1775 Ne
477 1731 548 1775 eui
577 1732 632 1776 ‹le
663 1739 706 1776 te
736 1733 836 1788 plus
867 1747 998 1788 quam
1029 1733 1109 1777 tibi
1141 1732 1308 1777 eredas.

293 1808 387 1853 Nee
416 1821 519 1853 vero
549 1815 693 1854 terrae
724 1810 840 1854 ferre
870 1823 1022 1855 omnes
1052 1810 1201 1854 omnia
1228 1816 1427 1866 possunt.

293 1885 388 1930 Nee
416 1886 578 1931 veteris
607 1886 774 1931 formae
804 1887 949 1943 gratia
977 1893 1072 1932 tota
1100 1888 1228 1944 perit.

292 1961 385 2006 Nec
414 1962 556 2008 violae
587 1977 762 2020 semper
793 1965 872 2009 vid.
903 1964 1078 2009 Forma.

295 2073 305 2083 .
324 2073 333 2084 .
353 2074 361 2083 .
379 2039 474 2084 Nee
503 2040 623 2096 vulgi
653 2054 761 2084 cura
789 2047 990 2098 tyranno,

295 2116 399 2161 dum
431 2131 512 2162 sua
542 2118 602 2162 sit
630 2118 761 2162 modo
791 2125 889 2163 tuta
911 2119 1052 2167 salus.

186 2210 270 2252 625
300 2207 367 2252 Ne
398 2208 589 2265 dubites,
620 2223 752 2265 quum
783 2223 943 2265 magna
970 2211 1099 2266 petis,
1130 2211 1385 2267 impendere
1415 2224 1564 2267 parva.

296 2284 525 2341 Neglectis
555 2286 726 2330 urenda
754 2287 849 2331 filix
880 2289 960 2351 vigl.
992 2288 1194 2343 Denique
1226 2294 1281 2332 te.

296 2362 437 2407 Nemo
468 2363 580 2408 adeo
611 2363 731 2408 ferus
761 2370 829 2409 est
860 2365 940 2408 vid.
974 2364 1168 2409 Invidus.

295 2439 436 2485 Nemo
466 2440 543 2485 diu
572 2441 747 2497 gaudet,
778 2442 853 2498 qui
876 2442 1027 2498 judice
1057 2442 1191 2486 vincit
1221 2442 1386 2498 iniquo.

297 2516 438 2562 Nemo
468 2518 609 2563 malus
641 2518 762 2563 felix.

295 2593 436 2639 Nemo
466 2595 803 2640 mathematicus
838 2597 1014 2652 genium
1053 2595 1331 2640 indemnatus
1361 2596 1557 2641 habebit.

297 2671 437 2716 Nemo
466 2678 649 2728 repente
679 2674 763 2717 fuit
803 2674 1102 2729 turpissimus.

182 2763 267 2806 630
295 2761 435 2807 Nemo
465 2764 600 2808 silens
629 2764 809 2820 placuit,
840 2765 966 2808 multi
996 2765 1211 2809 brevitate
1242 2765 1462 2821 loquendi.

299 2839 523 2884 ...Nemo
554 2842 649 2886 sine
681 2842 863 2886 crimine
898 2842 1015 2885 vivit.

297 2916 438 2961 Nemo
480 2931 584 2962 suos
615 2919 741 2974 (haec
771 2925 840 2963 est
869 2919 997 2963 aulae
1028 2926 1187 2963 natura
1216 2920 1425 2975 potentis)

383 2994 462 3038 sed
494 2994 659 3038 domini
690 3009 833 3039 mores
864 2988 1157 3041 Caesarianus
1191 2997 1340 3041 habet.

297 3070 468 3126 Nempe
498 3071 576 3115 dat
606 3073 651 3116 id
683 3073 927 3128 cuicunque
957 3074 1065 3117 libet
1096 3073 1296 3129 fortuna,
1327 3075 1553 3129 rapitque:

381 3146 478 3191 Irus
508 3154 552 3192 et
582 3154 650 3193 est
681 3150 848 3205 subito,
879 3152 954 3205 qui
985 3150 1114 3194 modo
1145 3151 1333 3195 Croesus
1364 3158 1471 3195 erat.

296 3222 467 3280 Nempe
496 3225 824 3270 inamarescunt
854 3228 1012 3283 epulae
1043 3228 1137 3271 sine
1169 3227 1261 3272 fine
1291 3229 1457 3283 petitae

186 3309 269 3351 635
302 3306 371 3352 Ne
398 3308 578 3366 pudeat,
609 3323 722 3367 quae
751 3311 978 3367 nescieriS,
1009 3317 1053 3356 te
1082 3312 1194 3357 velle
1210 3311 1372 3357 doceri.

1612 621 1743 653 Augen.
1768 619 1884 658 Epigr.
1908 616 1960 649 13.
1983 616 2012 647 4.

1617 711 1716 743 Ovid.
1739 709 1812 741 Art.
1828 709 1906 740 Am.
1919 708 1949 741 1.
1966 706 2040 740 401.

1617 865 1700 898 lior.
1716 863 1824 903 Epist.
1847 862 1890 895 11.
1914 861 1943 891 3.
1966 861 2042 895 350.

1619 939 1758 974 Auson.
1782 939 1911 971 Mosen.
1934 916 2006 970 586.

1622 1018 1729 1050 Lucil.
1753 1014 1861 1050 Actu.
1885 1017 1956 1047 367.

1615 1097 1718 1128 Dion.
1743 1095 1815 1127 Cat·
1840 1095 1926 1126 Dist-
1949 1094 1979 1124 2.
1993 1093 2042 1124 16.

1616 1187 1716 1219 Ovld.
1733 1186 1806 1218 Art.
1824 1182 1908 1217 Am.
1925 1185 1952 1216 1.
1972 1185 2043 1216 757.

1617 1266 1709 1297 Pers.
1732 1264 1802 1296 Sat.
1826 1264 1854 1294 1.
1879 1263 1909 1295 7.

1618 1343 1719 1382 l‘rop.
1743 1341 1794 1374 ΕΙ.
1818 1342 1843 1373 1.
1867 1342 1896 1372 5.
1920 1340 1970 1372 23.

1619 1521 1626 1528 .
1640 1520 1647 1528 .
1656 1521 1664 1528 .
1676 1497 1719 1528 de
1729 1496 1880 1528 naccon.
1898 1503 1981 1526 mor.
1993 1495 2044 1525 20.

1620 1574 1747 1606 Ausou.
1771 1573 1913 1613 Ephem.
1930 1581 1977 1603 or.
1995 1572 2047 1603 73.

1623 1666 1704 1698 Hor.
1727 1665 1834 1705 Epist.
1857 1665 1881 1696 1.
1906 1664 1955 1695 ls.
1979 1664 2029 1695 39.

1621 1743 1704 1777 Hor.
1728 1743 1833 1782 Epist.
1858 1742 1882 1774 1.
1906 1742 1956 1772 16.
1980 1741 2030 1772 19.

1618 1821 1720 1860 Verg-
1745 1820 1868 1859 Georg.
1891 1820 1920 1851 2.
1945 1819 2016 1850 109.

1618 1899 1763 1930 Maxim.
1775 1898 1891 1936 (Gau.)
1899 1897 1950 1928 ΕΙ.
1964 1896 2044 1927 23².

1619 2054 1643 2085 W
1651 2049 2045 2091 ⁸1.1-·1acc..·xrgon..'‚.264.

1623 2222 1727 2255 Dion.
1751 2221 1823 2253 Cat
1835 2220 1921 2251 Dist.
1946 2219 1973 2250 1.
1989 2219 2039 2249 35.

1623 2455 1717 2486 Dion
1727 2479 1735 2488 .
1748 2454 1821 2486 Cat
1836 2453 1921 2486 Uist.
1932 2453 1961 2482 2.
1976 2451 2024 2482 14.

1625 2533 1708 2564 δαν.
1730 2532 1799 2563 Sat.
1822 2531 1851 2561 4.
1875 2531 1906 2564 8.

1624 2611 1705 2642 «Ιιιν.
1728 2610 1796 2641 Sat„
1820 2609 1849 2639 6.
1873 2608 1944 2639 562.

1624 2688 1707 2721 Juv.
1731 2688 1800 2719 sat.
1822 2688 1853 2720 ⁴2.
1876 2686 1927 2719 83.

1625 2778 1754 2810 Auson.
1777 2778 1883 2817 Epist.
1906 2779 1957 2808 25.
1980 2778 2032 2808 44.

1630 2857 1731 2887 Dion.
1756 2856 1830 2889 Cat.
1855 2856 1941 2887 Dist.
1959 2856 1986 2885 l.
2003 2856 2033 2888 5.

1628 2934 1727 2965 Mart.
1737 2934 1853 2974 Epigr.
1876 2933 1935 2964 lx.
1958 2933 2007 2963 80.
2019 2933 2046 2963 7.

1627 3088 1727 3119 Ovid-
1751 3088 1850 3119 Trist.
1875 3088 1932 3118 111.
1958 3087 1984 3117 7.
1999 3087 2048 3118 41.

1556 3216 1560 3219 γ
1628 3242 1710 3273 Hor.
1733 3242 1802 3273 Sat.
1826 3242 1866 3273 11.
1891 3242 1919 3272 7.
1945 3242 2014 3272 107.

1628 3327 1731 3359 Dion.
1751 3326 1824 3359 Cat.
1846 3327 1934 3360 Dist.
1957 3327 1986 3359 4.
2001 3327 2051 3358 29.

1658 3391 1679 3423 4
1691 3390 1710 3413 ιι
