2164 3666
164 1081 354 1158 Abdita
383 1107 489 1164 quid
519 1109 700 1164 prodest
729 1109 932 1163 generosi
963 1121 1074 1152 vena
1103 1108 1272 1151 metalli
1522 1123 1603 1155 Pan.
1626 1122 1678 1155 ad.
1704 1124 1768 1155 1²12
1792 1125 1863 1156 213.

167 1187 205 1232 si
234 1186 405 1231 cultore
435 1187 588 1231 caret?

167 1265 239 1310 Ab
267 1265 378 1309 Jove
407 1263 686 1320 principium,
718 1263 893 1317 Musae,
924 1263 1048 1306 Jovis
1080 1263 1225 1307 omnia
1257 1262 1401 1318 plena.
1515 1277 1613 1316 Verg.
1641 1277 1710 1309 nel.
1735 1279 1762 1309 3.
1786 1280 1836 1310 oo.
1895 1276 1903 1284 ·

168 1377 178 1387 .
196 1376 206 1387 .
225 1376 235 1386 .
252 1341 494 1386 Absentem
525 1341 600 1397 qui
630 1340 747 1384 rodit
778 1341 980 1396 amicum,
1520 1355 1599 1387 nor.
1623 1355 1691 1387 sm.
1716 1356 1738 1387 1.
1761 1356 1790 1387 4.
1814 1357 1863 1387 81.

168 1419 245 1476 qui
273 1432 362 1464 non
392 1417 592 1463 defendit
622 1418 710 1462 alio
742 1418 960 1474 culpante,
993 1418 1161 1462 solutos

168 1497 244 1552 qui
273 1501 426 1553 captat
455 1495 571 1541 risus
602 1496 829 1540 hominum
861 1495 1110 1551 famamque
1141 1495 1322 1550 dicacis,

169 1573 335 1630 fingere
365 1574 440 1629 qui
470 1587 558 1618 non
589 1574 683 1618 visa
711 1579 871 1629 potest,
903 1574 1139 1617 commissa
1167 1579 1315 1617 tacere

170 1651 246 1707 qui
274 1651 446 1706 nequit:
476 1651 550 1695 hic
580 1651 704 1707 niger
734 1657 813 1706 est,
845 1651 961 1694 hunc
991 1656 1052 1706 tn,
1083 1650 1294 1705 Romane,
1326 1657 1491 1694 caveto.

170 1728 359 1773 Absenti
379 1741 516 1773 ‘nemo
546 1741 601 1773 ne
631 1729 835 1772 nocuisse
866 1728 984 1772 velit.
1523 1742 1621 1781 prop.
1644 1742 1693 1774 El.
1718 1743 1774 1775 111.
1802 1744 1851 1775 19.
1874 1744 1924 1775 32.

114 1810 142 1851 5
172 1805 213 1850 A
242 1819 351 1851 cane
380 1819 469 1850 non
499 1819 656 1862 magno
688 1819 821 1862 saepe
852 1811 1026 1850 tenetur
1057 1819 1175 1861 aper.
1523 1819 1621 1851 Ovid.
1644 1820 1738 1851 nem.
1761 1821 1832 1852 422.

172 1883 339 1940 Accipe
368 1884 740 1948 quamprimum:
772 1883 918 1927 brevis
949 1890 1016 1927 est
1046 1883 1220 1926 occasio
1250 1882 1373 1926 lucri.
1519 1897 1616 1928 Man.
1635 1897 1747 1936 Epigr.
1765 1898 1945 1932 1111113.

173 1962 288 2006 Acer
317 1967 361 2005 et
391 1960 448 2005 ad
478 1961 651 2017 palmae
681 1974 760 2017 per
791 1974 837 2005 se
869 1974 1077 2004 cursurus
1108 1961 1310 2015 honoreS,
1519 1974 1670 2006 ovum-x
1682 1976 1946 2008 Ponatur-21.

258 2039 296 2083 si
326 2043 475 2083 tamen
504 2038 709 2093 horteris,
740 2038 898 2082 fortius
929 2038 1010 2082 ibit
1040 2051 1190 2093 equus.

174 2116 240 2160 Ac
270 2115 464 2160 vindicta
492 2115 654 2159 bonum
685 2116 775 2159 vita
797 2115 1036 2171 jucundius
1066 2116 1176 2171 ipsa.
1525 2130 1604 2162 Juv.
1628 2132 1694 2162 sat
1723 2130 1771 2160 13.
1798 2130 1868 2160 180.

174 2192 301 2237 Adde
332 2193 448 2249 quod
479 2193 702 2248 ingenium
733 2193 863 2247 longa
891 2192 1092 2247 rubigine
1128 2193 1295 2236 laesum
1524 2207 1622 2239 ovid.
1647 2208 1749 2241 'ri-ist.
1774 2207 1947 2241 v.12.21.

261 2276 420 2326 torpet,
452 2275 496 2313 et
526 2276 594 2314 est
625 2270 775 2325 multo,
808 2283 938 2324 qnam
970 2270 1052 2313 fuit
1083 2276 1198 2325 ante,
1232 2270 1388 2313 minus.

66 2396 72 2403 ,
97 2350 149 2391 10
178 2347 304 2391 Adde
335 2347 452 2402 quod
482 2347 694 2401 ingenuas
725 2347 932 2391 didicisse
962 2346 1152 2390 fideliter
1182 2354 1299 2391 artes
1528 2361 1947 2394 Ovid.cx1‘ont.11.9.47.

262 2425 430 2470 emollit
460 2438 603 2468 mores
634 2438 713 2467 nec
744 2424 849 2468 sinit
879 2437 975 2468 esse
1007 2424 1136 2467 feros.

178 2502 306 2546 Adde
336 2501 453 2557 quod
483 2502 655 2557 ingrato
686 2501 940 2545 meritorum
963 2502 1115 2557 judice
1145 2502 1282 2545 virtus
1529 2517 1655 2548 Lucan.
1680 2517 1795 2547 mmm.
1828 2518 1855 2547 ε».
1879 2517 1950 2548 291.

177 2586 332 2623 nostra
360 2579 493 2635 perit:
525 2579 738 2634 quidquid
768 2580 972 2634 gerimus,
1004 2580 1202 2623 Fortuna
1231 2586 1422 2623 vocatur.

179 2656 250 2700 Ad
279 2669 487 2712 generum
519 2656 689 2700 Cereris
721 2657 815 2700 sine
846 2656 979 2700 caede
1011 2670 1062 2700 ac
1091 2657 1270 2700 vulnere
1300 2658 1430 2712 pauci
1523 2670 1602 2702 συν.
1626 2671 1693 2702 sat.
1720 2671 1767 2701 10.
1791 2673 1841 2702 12.

179 2733 451 2778 descendunt
480 2746 606 2788 reges
637 2739 680 2777 et
711 2733 829 2778 sicca
858 2740 999 2778 morte
1029 2734 1217 2790 tyranni.

182 2809 336 2854 ...Ad
367 2823 511 2854 mores
542 2817 700 2854 natura
730 2811 917 2855 recurrit
1528 2825 1606 2857 συν.
1630 2826 1701 2857 sat.
1727 2827 1775 2858 13.
1800 2827 1870 2857 ⁶230.

181 2886 425 2942 damnatos,
454 2887 545 2931 fixa
575 2894 618 2932 et
650 2889 810 2932 mutari
840 2889 1003 2932 nescia.
1063 2888 1176 2932 Nam
1208 2890 1306 2943 quis

181 2963 394 3018 peccandi
423 2963 555 3008 finem
585 2966 732 3020 posuit
762 2966 879 3010 sibi?

183 3039 404 3096 Adspicis,
435 3046 483 3084 ut
514 3042 691 3085 veniant
721 3042 776 3086 ad
807 3043 997 3087 candida
1026 3049 1143 3087 tecta
1174 3042 1415 3097 columbae,
1531 3056 1632 3089 ovid.
1655 3057 1754 3089 Trist.
1779 3058 1802 3089 1.
1827 3059 1854 3089 9.
1880 3058 1907 3089 7.

266 3117 457 3172 accipiat
485 3118 629 3162 nullas
660 3119 838 3163 sordida
866 3121 999 3163 turris
1030 3121 1165 3164 aves?

101 3195 150 3236 15
181 3192 448 3248 Adspiciunt
477 3195 615 3239 oculis
646 3196 803 3251 Superi
834 3197 1039 3240 mortalia
1062 3196 1209 3251 justis.
1530 3210 1629 3242 Ovm.
1652 3211 1732 3242 Met.
1758 3211 1806 3242 13.
1831 3211 1879 3242 το.

182 3269 477 3315 ...Adversis
507 3273 704 3327 probitas
735 3274 931 3316 exercita
959 3274 1090 3317 rebus
1530 3286 1629 3319 Ovio.
1653 3288 1753 3319 'rx-ist.
1787 3289 1827 3319 v.
1851 3290 1879 3319 ε».
1902 3289 1952 3319 49.

266 3347 382 3390 tristi
414 3349 641 3392 materiam
671 3355 868 3405 tempore
899 3350 1042 3395 laudis
1075 3350 1221 3394 habet.
