2164 3666
146 307 232 352 920
259 305 369 361 Quis
397 306 525 362 paria
553 318 651 351 esse
680 304 773 350 fere
801 305 969 362 placuit
997 311 1194 362 peccata,
1223 305 1442 361 laborant,
1586 318 1667 351 nor.
1691 319 1759 351 Sat.
1781 319 1806 354 1.
1829 320 1858 358 3,
1880 318 1930 351 sc.

259 398 394 440 quum
404 389 580 428 ventum
593 383 650 427 ad
661 397 810 427 verum
822 388 908 428 est:
929 397 1083 428 sensus
1094 396 1326 438 moresque
1337 388 1585 438 repugnant

259 467 392 517 atque
421 461 520 517 ipsa
548 462 733 517 utilitas,
758 461 870 516 justi
898 474 1037 516 prope
1067 466 1209 504 mater
1239 466 1284 504 et
1314 460 1456 514 aequi.

260 537 468 594 Quisquis
499 538 555 582 ab
586 539 781 583 externis
810 551 950 594 nuper
980 537 1206 581 devenerit
1236 537 1338 592 oriS‚
1581 551 1694 583 Avian
1719 551 1787 585 fab.
1811 551 1862 582 38.
1887 551 1938 582 13.

342 629 432 659 non
461 615 601 671 decet,
632 615 853 671 indigenis
883 621 931 658 ut
960 615 1064 658 velit
1094 627 1191 659 esse
1222 614 1356 669 prior.

258 691 468 749 Quisquis
499 693 635 737 habet
663 706 878 749 nummos,
910 706 1066 738 secura
1093 692 1269 747 naviget
1300 705 1420 747 aura,
1585 706 1722 738 Petrou.
1753 706 1872 746 fragm.
1896 706 1936 737 ι).
1962 708 1985 740 1-

342 769 652 826 fortunamque
683 783 762 814 suo
791 776 1007 826 temperet
1037 769 1240 813 arbitrio.

260 845 469 903 Quisquis
500 861 658 903 magna
688 847 823 903 dedit,
852 847 991 892 voluit
1021 848 1106 891 sibi
1137 859 1295 902 magna
1323 847 1503 890 remitti.
1580 859 1679 891 Mart.
1703 859 1815 899 Epigr.
1842 860 1883 892 v.
1904 861 1954 891 59.
1978 862 2009 892 3.

259 924 368 979 Quis
398 925 494 981 scit,
526 939 582 970 an
612 925 823 981 adjiciant
852 925 1092 969 hodiernae
1123 925 1316 968 crastina
1347 937 1542 968 summae
1581 937 1663 971 nor.
1688 936 1883 970 earm.1v.
1907 939 1935 970 7.
1960 939 2010 972 17.

258 1007 459 1058 tempora
490 1002 535 1046 di
566 1002 715 1058 superi
730 1003 752 1046 ⁴?

144 1080 227 1123 925
258 1077 343 1134 Qui
374 1078 521 1124 studet
551 1085 746 1135 optatam
778 1092 909 1123 cursu
939 1079 1191 1134 contingere
1222 1084 1396 1135 metam,
1583 1092 1664 1125 nor.
1688 1092 1793 1132 Epist
1817 1093 1858 1124 11.
1882 1093 1913 1124 3.
1928 1093 2002 1124 412.

258 1156 398 1200 multa
427 1157 530 1200 tulit
559 1155 752 1211 fecitque
782 1170 905 1212 puer,
937 1155 1110 1200 sudavit
1141 1162 1184 1200 et
1215 1156 1331 1200 alsit.

204 1252 208 1256 ¹
259 1231 367 1287 Quis
396 1233 549 1278 tulerit
579 1232 804 1278 Gracchos
835 1233 889 1277 de
920 1233 1136 1277 seditione
1170 1235 1438 1288 querentes?
1586 1246 1666 1278 συν.
1688 1245 1759 1280 sm.
1775 1246 1804 1277 2.
1827 1247 1879 1281 24.

258 1309 344 1365 Qui
375 1324 455 1355 sua
484 1312 664 1357 metitur
692 1311 902 1367 pondera,
937 1310 1053 1355 ferre
1084 1317 1243 1366 potest.
1585 1323 1684 1355 Mart
1708 1323 1821 1363 Epigr.
1839 1324 1887 1360 12,
1905 1324 1954 1355 99.
1978 1325 2011 1359 s.

259 1386 344 1443 Qui
373 1393 523 1445 terret,
553 1389 653 1445 plus
683 1389 779 1444 ipse
809 1389 957 1433 timet:
989 1402 1085 1432 sors
1116 1389 1201 1432 ista
1230 1389 1428 1444 tyrannis
1582 1400 1840 1433 claudiionor.
1865 1401 2008 1433 vreoo.

257 1465 475 1510 convenit.

259 1540 345 1597 Qui
374 1543 547 1587 variare
577 1544 698 1599 cupit
728 1556 834 1598 rem,
866 1543 1172 1599 prodigialiter
1201 1557 1289 1587 una
1589 1555 1671 1586 nor.
1696 1554 1801 1594 Epist.
1825 1556 1867 1588 11.
1890 1556 1919 1587 a
1945 1557 1996 1588 ⁴29.

258 1619 516 1677 delphinum
547 1620 670 1665 silvis
700 1621 914 1677 appingit,
946 1620 1154 1665 fluctibus
1185 1634 1351 1677 aprum.

195 1755 198 1758 Δ
258 1698 305 1741 in
334 1698 488 1742 vitium
520 1698 642 1742 ducit
672 1698 828 1754 culpae
858 1697 975 1753 fuga,
1007 1698 1046 1742 si
1076 1704 1197 1742 caret
1227 1703 1335 1742 arte.

259 1774 344 1830 Qui
373 1776 479 1820 velit
509 1775 684 1831 ingenio
714 1775 883 1830 cedere,
915 1788 1042 1819 rarus
1072 1776 1155 1819 erit
1187 1777 1282 1819 vid..
1314 1775 1494 1818 Aurum.

259 1885 298 1897 ..
316 1851 455 1909 .Quo,
486 1853 613 1908 bone,
646 1853 765 1896 circa
796 1853 878 1895 vid.
911 1851 1065 1907 Carpe.

143 1931 229 1974 930
260 1962 270 1973 .
289 1963 299 1973 .
321 1963 330 1974 .
351 1928 569 1984 Quocirca
598 1930 730 1974 vivite
761 1929 909 1983 fortes,
1589 1941 1668 1973 nor.
1690 1941 1760 1973 sat.
1783 1942 1822 1974 11.
1846 1943 1874 1974 2.
1899 1943 1968 1979 135,

259 2005 478 2063 fortiaque
508 2006 706 2051 adversis
737 2006 945 2063 opponite
975 2012 1157 2062 pectora
1187 2006 1332 2050 rebus.

260 2083 530 2140 Quocunque
559 2083 804 2139 ingrederis
835 2083 1034 2139 sequitur
1059 2097 1176 2127 mors
1198 2084 1396 2140 corporis
1417 2085 1693 2131 umbra.Dion.
1717 2095 1888 2128 eueniat.
1909 2097 1938 2127 ⁴.
1954 2096 2005 2128 37.

259 2160 355 2216 Quo
386 2161 494 2206 deus
525 2167 568 2206 et
598 2175 684 2217 quo
715 2161 826 2205 dura
855 2167 982 2205 vocat
1011 2161 1208 2205 Fortuna
1238 2175 1484 2216 sequamur.
1587 2174 1690 2213 Verg.
1715 2173 1799 2205 Aea
1823 2174 1872 2204 12.
1895 2174 1967 2204 677.

260 2271 270 2282 .
288 2272 298 2282 .
317 2272 327 2283 .
344 2237 471 2292 Quod
501 2238 607 2283 fecit
636 2239 821 2294 quisque
852 2243 999 2282 tuetur
1028 2252 1150 2294 opus.
1583 2250 1737 2283 Ovium
1754 2251 1852 2282 Pom.
1861 2250 1948 2284 rvi.
1959 2249 2009 2285 28.

260 2348 270 2359 .
288 2315 471 2370 ..Quod
501 2315 591 2359 fors
623 2316 757 2371 dedit,
788 2316 870 2359 hoc
902 2315 1020 2371 capit
1051 2329 1167 2359 usus.
1588 2328 1681 2367 Cau».
1705 2328 1774 2361 Ecl.
1798 2326 1926 2363 10.47.

145 2396 228 2438 935
260 2393 387 2448 Quod
408 2393 525 2449 licet,
549 2393 769 2449 ingratum
791 2399 872 2448 est,
895 2392 1011 2448 quod
1032 2406 1118 2436 non
1140 2393 1257 2446 licet,
1278 2392 1423 2436 acrius
1444 2399 1685 2448 argeum-m.
1709 2404 1825 2439 Amor.
1849 2405 1888 2437 11.
1913 2403 1960 2439 19-
1980 2403 2012 2438 3.

261 2469 387 2525 Quod
415 2470 529 2515 male
556 2469 658 2526 fers,
688 2483 910 2515 assuesce:
939 2469 1053 2513 feres
1074 2469 1208 2525 bene;
1233 2469 1371 2512 multa
1387 2475 1690 2514 vetustasowu.
1714 2482 1787 2515 Art„
1804 2483 1922 2516 Amr.
1939 2482 2010 2513 647.

258 2547 380 2592 lenit.

259 2623 386 2678 Quod
415 2625 572 2669 merito
602 2626 791 2682 pateris,
821 2625 1043 2681 patienter
1072 2623 1186 2668 ferre
1217 2630 1448 2668 memento.
1583 2637 1685 2669 Dion.
1709 2636 1782 2672 eat.
1805 2637 1894 2668 Dm„
1916 2636 2012 2667 3.17.

261 2700 387 2756 Quod
415 2702 599 2746 nimium
629 2709 710 2758 est,
741 2702 900 2757 fugit03
931 2715 1066 2757 parvo
1097 2701 1287 2756 gaudere
1318 2707 1550 2745 memento,
1585 2715 1688 2746 Dion.
1715 2714 1790 2746 eat.
1813 2714 1898 2746 unt.
1935 2714 2010 2744 26.

261 2778 388 2834 Quod
418 2786 646 2835 praestare
677 2785 818 2835 potes,
849 2792 904 2823 ne
935 2780 1003 2823 bis
1033 2779 1294 2834 promiseris
1323 2778 1416 2821 uui.
1587 2792 1690 2824 Dion.
1714 2791 1789 2825 eat.
1806 2792 1893 2823 nist.
1910 2791 1938 2822 ι.
1954 2791 2007 2825 25.

146 2858 232 2899 940
261 2855 387 2910 Quod
417 2856 591 2912 refugit,
622 2857 747 2900 multi
778 2857 974 2912 cupiunt,
1005 2856 1138 2900 odere
1169 2855 1285 2911 quo]
1316 2855 1463 2899 instat.
1581 2867 1679 2900 ovid.
1703 2869 1776 2901 Art.
1801 2866 2010 2903 Am.1.717.

259 2932 387 2987 Quod
417 2933 525 2978 satis
555 2933 737 2989 est‚-cui
768 2934 995 2988 contingit,
1026 2933 1089 2976 nil
1119 2933 1308 2987 amplius
1339 2938 1473 2988 optet.
1580 2946 1662 2977 Hor.
1684 2946 1753 2977 sat
1776 2946 1800 2978 1.
1823 2946 1851 2977 2.
1875 2945 1930 2979 46.

261 3008 387 3063 Quod
418 3011 628 3066 sequitur,
659 3010 798 3065 fugio3
831 3010 948 3065 quod
978 3010 1089 3064 fugit
1118 3022 1256 3064 usque
1287 3022 1458 3064 sequor.
1581 3022 1681 3054 omi.
1704 3022 1821 3054 Amor.
1844 3022 1942 3056 1149.
1956 3023 2005 3054 36.

260 3085 426 3140 Quodsi
456 3086 664 3131 deficiant
692 3088 820 3142 vires,
852 3087 1039 3131 audacia
1069 3092 1187 3130 certe
1586 3100 1687 3139 Prop.
1710 3099 1761 3130 ΕΙ.
1785 3100 1843 3131 111.
1869 3099 1915 3132 ιο.
1938 3100 1967 3132 5.

343 3163 440 3208 laus
471 3164 574 3208 erit:
604 3165 651 3207 in
680 3164 850 3219 magnis
881 3170 925 3208 et
954 3164 1143 3207 voluisse
1175 3168 1245 3207 sat
1275 3170 1354 3207 est.

260 3238 387 3294 Quod
417 3240 590 3296 tegitur,
622 3241 762 3296 majus
793 3240 989 3285 creditur
1017 3252 1115 3284 esse
1145 3240 1322 3283 malum.
1576 3252 1674 3287 Mart.
1698 3252 1812 3292 Epigr.
1835 3253 1895 3287 111.
1907 3253 1957 3283 42.
1981 3252 2010 3283 4.

145 3318 228 3360 945
260 3315 389 3371 Quod
418 3317 505 3361 vile
535 3322 615 3373 est,
646 3330 811 3373 carum,
843 3317 959 3372 quod
989 3330 1153 3372 carum,
1183 3316 1268 3359 vile
1298 3321 1465 3371 putato.
1582 3330 1684 3362 Dion.
1708 3329 1780 3362 Cat.
1803 3330 1888 3362 Dist.
1914 3329 2010 3365 129.
