2164 3666
133 311 243 352 1040
275 307 346 351 Sic
376 321 453 351 vos
484 321 573 351 non
602 307 728 351 vobis
758 305 1003 350 nidificatis
1034 318 1156 360 aves;
1567 302 1999 342 verg.vid.nonat¹vit.v.

133 1242 240 1284 1045

1569 344 1758 384 Antholog.
1779 345 1806 376 Ι.
1828 353 1861 384 p.
1883 345 1956 376 224.

267 386 331 428 sic
361 399 437 428 vos
467 399 557 429 non
586 385 711 428 vobis
742 384 907 427 vellera
937 382 1065 426 fertis
1096 396 1227 437 oves3

270 464 334 506 sio
365 477 443 506 vos
476 475 565 506 non
595 462 719 505 vobis
750 460 1016 504 mellificatis
1047 473 1177 516 apes3

273 541 337 584 sio
368 554 445 584 vos
477 554 566 584 non
595 540 721 583 vobis
752 539 877 582 fertis
909 544 1059 582 aratra
1087 539 1236 582 boves.

269 617 315 660 Si
345 617 524 661 fortuna
553 618 682 672 volet,
713 616 797 660 fies
829 616 883 659 de
913 616 1091 659 rhetore
1123 615 1291 670 consul,
1576 627 1658 661 Juv.
1682 626 1752 661 Sat.
1777 627 1805 658 7.
1829 626 1902 658 197.

273 696 310 739 si
341 696 459 740 volet
488 696 600 739 haec
632 694 800 748 eadem,
842 694 922 738 fies
953 693 1007 737 de
1039 693 1219 737 consule
1249 693 1416 737 rhetor.

273 773 318 815 Si
351 786 490 828 genus
521 773 762 816 humanum
794 777 838 816 et
867 771 1074 816 mortalia
1107 771 1305 814 temnitis
1337 783 1473 826 arma,
1578 783 1679 822 verg.
1703 781 1788 813 Aen.
1812 782 1840 812 1.
1864 780 1937 813 546.

269 856 315 893 at
346 856 521 906 sperate
553 851 659 895 deos
690 863 906 894 memores
936 849 1060 893 fandi
1091 853 1223 904 atque
1252 847 1446 892 nefandi.

270 929 315 971 Si
346 929 456 972 latet
487 943 572 984 ars,
610 928 817 984 prodest:
850 927 979 971 affert
1009 926 1230 983 deprensa
1258 925 1474 982 pudorem
1578 937 1678 970 Ovid.
1696 933 1776 969 Art.
1795 935 1872 968 Am.
1887 937 1916 967 2.
1933 937 2005 970 813.
2045 970 2067 985 ο

354 1013 486 1062 atque
517 1007 673 1050 adimit
703 1006 860 1050 merito
891 1010 1066 1060 tempus
1096 1005 1143 1049 in
1174 1017 1302 1048 omne
1332 1004 1476 1049 fidem.

274 1118 282 1126 .
304 1119 312 1127 .
333 1119 341 1127 .
361 1084 499 1128 Simul
531 1098 582 1128 ac
613 1083 838 1127 duraverit
874 1089 997 1127 aetas
1578 1094 1661 1125 Hor.
1685 1093 1754 1125 sat.
1778 1093 1804 1127 1.
1827 1092 1857 1124 4.
1881 1092 1953 1124 119.

274 1162 472 1206 membra
504 1162 784 1217 animumque
815 1167 952 1217 tuum,
982 1161 1109 1204 nabis
1141 1161 1236 1205 sine
1267 1160 1444 1205 cortice.

273 1240 318 1283 Si
349 1245 510 1283 natura
539 1244 684 1295 negat,
716 1239 823 1283 facit
853 1239 1098 1295 indignatio
1134 1253 1321 1283 versum.
1577 1249 1658 1282 συν.
1682 1249 1752 1281 sat„
1777 1250 1806 1280 1.
1830 1249 1886 1283 79.-

271 1318 500 1361 Sincerum
532 1323 600 1362 est
630 1318 717 1361 nisi
748 1331 824 1361 vas
846 1317 1137 1372 quodeunque
1169 1316 1366 1361 infundis
1401 1318 1662 1360 acescitnor.
1687 1327 1798 1367 Epist.
1821 1327 1853 1361 1.
1876 1327 1906 1358 2.
1930 1326 1981 1358 54.

271 1396 454 1451 Singula
484 1396 538 1440 de
569 1396 698 1440 nobis
729 1396 833 1439 anni
864 1395 1144 1451 praedantur
1175 1400 1342 1439 euntes.
1584 1405 1664 1436 Hor.
1688 1404 1796 1444 Epist.
1820 1405 1850 1435 2.
1873 1405 1903 1436 2.
1928 1403 1979 1435 55.

271 1510 279 1518 .
300 1509 308 1518 .
329 1509 337 1518 .
357 1474 403 1517 Si
434 1488 523 1517 non
1580 1483 1660 1514 nor.
1683 1482 1791 1523 Epist.
1814 1482 1843 1513 1.
1866 1483 1896 1513 2.
1918 1481 1970 1512 35.

270 1552 475 1596 intendes
513 1552 707 1596 animum
740 1551 898 1595 studiis
931 1556 974 1594 et
1004 1551 1137 1595 rebus
1169 1550 1382 1604 honestis,

134 1948 243 1988 1050

141 2571 248 2612 1055

271 1630 439 1673 invidia
467 1630 536 1674 vel
568 1642 716 1673 amore
747 1629 851 1684 vigil
887 1630 1162 1684 torquebere.
1222 1629 1336 1674 Nam
1367 1642 1461 1684 cur,

272 1721 384 1763 quae
415 1707 597 1751 laedunt
628 1707 816 1762 oculum,
847 1706 1034 1751 festinas
1065 1707 1260 1761 demere3
1294 1707 1331 1750 si
1363 1706 1468 1762 quid

274 1793 340 1830 est
372 1786 580 1840 animum,
623 1784 775 1828 differs
807 1784 992 1828 curandi
1022 1791 1197 1840 tempus
1228 1786 1273 1828 in
1305 1785 1500 1829 annum?

273 1866 370 1908 Sint
399 1864 699 1918 Maecenates,
731 1877 819 1906 non
856 1863 1056 1918 deerunt,
1093 1863 1266 1919 FIaooe,
1297 1863 1520 1907 Marones.
1580 1869 2011 1911 Mart.Epigr.V111.5o.5.

274 1944 319 1987 Si
351 1957 438 1998 qua
467 1942 586 1985 venit
617 1955 728 1996 sero,
761 1955 922 1997 magna
951 1941 1080 1984 ruina
1110 1942 1241 1985 venit.
1584 1951 1683 1990 Prop.
1707 1949 1759 1983 Ει.
1782 1948 1840 1980 111.
1863 1947 1913 1978 25.
1936 1946 1988 1978 28.

274 2022 320 2065 Si
353 2035 440 2076 qua
470 2020 591 2063 voles
623 2025 725 2075 apte
756 2020 936 2074 nubere,
969 2019 1084 2062 nube
1116 2020 1227 2074 pari.
1579 2029 1676 2061 ovid.
1703 2027 1781 2059 Her.
1806 2026 1837 2056 9.
1860 2025 1912 2059 32.

276 2100 406 2143 ...Si
439 2097 544 2154 quid
575 2097 738 2142 novisti
772 2098 936 2141 rectius
967 2097 1078 2151 istis,
1582 2108 1663 2139 Hor.
1687 2105 1795 2145 Epist.
1833 2103 1860 2135 1.
1883 2103 1913 2136 6.
1937 2102 1988 2133 67.

277 2176 492 2220 candidus
523 2175 715 2230 imperti,
752 2174 789 2219 si
820 2188 922 2230 non,
953 2174 1023 2218 his
1056 2179 1178 2218 utere
1209 2187 1393 2218 mecum.

279 2256 324 2298 Si
356 2254 529 2309 quoties
559 2258 746 2309 peccant
775 2253 992 2308 homines,
1025 2266 1105 2296 sua
1139 2253 1326 2296 fulmina
1356 2253 1503 2295 mittat
1589 2262 1689 2295 om.
1713 2261 1815 2293 Trina.
1837 2259 1880 2291 11.
1904 2257 1954 2289 33.

362 2332 543 2388 Iupiter,
575 2331 734 2386 exiguo
765 2336 964 2386 tempore
997 2330 1179 2375 inermis
1210 2331 1306 2375 erit.

278 2411 322 2455 Si
354 2416 452 2454 rota
482 2409 674 2453 defuerit
703 2416 751 2453 tu
781 2409 893 2464 pede
925 2422 1058 2464 carpe
1088 2408 1217 2452 viam.
1580 2410 1915 2450 ovi‹1.Art.A1n.2.
1939 2412 2011 2444 230.

279 2488 433 2533 ...Sit
462 2501 543 2543 pro
574 2488 746 2530 ratione
777 2486 980 2530 voluntas
1013 2487 1093 2529 vid.
1154 2486 1250 2530 Hoc
1280 2485 1393 2530 volo.

281 2567 327 2610 Si
357 2566 499 2610 ventri
531 2566 656 2620 bene,
689 2565 726 2608 si
757 2564 886 2608 lateri
927 2569 994 2608 est
1024 2564 1298 2619 pedibusque
1328 2563 1430 2618 tuis,
1461 2562 1523 2606 nil
1587 2575 1669 2607 Hor.
1694 2572 1803 2612 Epist.
1825 2570 1851 2603 1.
1876 2569 1925 2600 12.
1949 2569 1980 2602 5.

280 2645 459 2708 divitiae
490 2648 701 2699 poterunt
731 2643 902 2697 regales
933 2641 1096 2685 addere
1129 2642 1283 2698 majus.

282 2723 385 2766 Sola
416 2727 540 2776 gerat
571 2721 711 2775 miles,
745 2720 905 2775 quibus
938 2733 1060 2763 arma
1091 2725 1306 2774 coereeat,
1338 2731 1473 2763 arma.
1591 2728 1688 2761 ovid.
1713 2727 1803 2759 Fast.
1826 2725 1855 2757 1.
1878 2725 1947 2759 715.

282 2800 487 2844 Solamen
505 2798 677 2842 miseris
697 2797 942 2854 [miserum]
967 2797 1111 2841 socios
1127 2797 1337 2842 habuisse
1360 2797 1588 2841 malorum.
1791 2804 1807 2836 7

283 2878 411 2922 Solus
443 2883 499 2931 et,
533 2876 723 2919 artifices
756 2875 830 2930 qui
862 2875 983 2930 facit,
1015 2888 1120 2919 usus
1152 2874 1292 2919 adest.
1586 2884 1685 2917 ovid.
1702 2883 1774 2916 Art.
1792 2878 1876 2914 Am.
1892 2882 1920 2913 2.
1939 2879 2014 2912 676.

285 2956 412 3000 Solve
445 2959 747 2999 senescentem
778 2959 949 2996 mature
990 2966 1123 2997 sanus
1156 2966 1328 3008 equum,
1359 2965 1415 2995 ne
1591 2960 1851 3002 110r.}::pist.1.
1876 2960 1904 2991 1.
1927 2959 1956 2990 8.

282 3039 436 3089 peccet
467 3032 522 3076 ad
555 3038 799 3075 extremum
829 3031 1041 3075 ridendus
1073 3037 1117 3075 et
1148 3030 1226 3074 ilia
1256 3030 1401 3074 ducat.

345 3111 476 3154 ,Sors
509 3116 575 3154 est
606 3123 686 3153 sua
716 3110 874 3164 cuique
911 3107 1105 3152 serenda.
1590 3117 1707 3149 Manu.
1731 3115 1870 3148 Astron.
1893 3115 1924 3146 4.
1947 3114 1998 3146 22.

147 3191 257 3233 1060
287 3190 541 3245 Spectatum
572 3188 767 3243 veniunt,
798 3187 979 3230 veniunt
1009 3191 1265 3242 spectentur
1295 3191 1344 3229 ut
1373 3186 1510 3241 ipsae.
1590 3195 1689 3228 Ovid.
1712 3193 1787 3226 Art.
1811 3190 2000 3227 Am.1.99.

287 3267 469 3323 Speravi
501 3266 658 3309 melius
691 3266 795 3320 quia
830 3278 899 3308 me
931 3264 1144 3308 meruisse
1175 3263 1355 3320 putavi:
1592 3272 1796 3327 oflensa.
1819 3271 1850 3303 2.
1873 3270 1924 3302 61.

374 3356 676 3400 quaecumque
708 3356 763 3387 ex
793 3342 951 3387 merito
983 3355 1084 3397 spes
1115 3341 1247 3397 venit,
1279 3353 1422 3396 aequa
1458 3339 1591 3383 venit.
