2164 3666
0 3389 10 3493 W„
0 3326 9 3366 Α..-
0 3299 3 3311 «-
0 3272 5 3283 «.
0 3183 6 3248 ---,-Δ
0 3146 6 3159 a
1 3070 6 3077 .

891 164 1005 191 .-—
1075 141 1312 191 29—

291 287 368 332 Nil
396 287 510 332 feret
539 287 594 331 ad
625 302 776 332 manes
806 288 955 334 divitis
984 290 1141 334 umbra
1170 304 1286 335 suos.

290 364 366 408 Nil
397 364 533 409 habet
561 365 717 409 infelix
746 372 986 421 paupertas
1015 367 1168 412 durius
1197 368 1243 411 in
1273 381 1333 422 se,

289 455 420 496 quam
451 442 567 496 quod
597 442 807 486 ridiculos
838 443 1039 488 homines
1069 444 1189 488 facit.

175 521 260 562 660
288 517 363 562 Nil
393 518 458 562 ita
486 518 672 563 sublime
703 525 771 563 est
800 533 1020 576 supraque
1049 521 1248 577 pericula
1275 522 1430 576 tendit,

371 609 460 639 non
490 595 548 640 sit
577 601 626 639 ut
654 596 839 642 inferius
869 598 1231 655 suppositumque
1261 599 1358 643 deo.

286 673 362 717 Nil
391 678 560 717 metuat
589 673 665 728 qui
695 687 855 730 magna
884 675 1019 731 cupit.

286 750 375 806 Nil,
404 749 491 794 nisi
522 750 639 806 quod
668 751 878 808 prodests
894 766 1044 796 carum
1075 758 1155 797 est.

287 860 297 871 .
315 860 325 871 .
343 861 353 871 .
370 827 445 871 Nil
474 841 563 871 non
582 829 778 872 ,mortale
809 835 1009 874 tenemus

285 906 475 960 pectoris
506 906 706 960 exceptis
736 906 988 962 ingeniique
1018 907 1159 951 bonis.

284 981 359 1026 Nil
387 995 477 1026 non
505 982 723 1038 permittit
754 984 911 1027 mulier
941 984 1041 1039 sibi,
1072 990 1200 1040 turpe
1231 990 1357 1040 putat
1387 984 1463 1027 nil.

172 1060 254 1102 665
286 1058 360 1102 Nil
390 1072 501 1114 opus
531 1059 697 1103 invidia
726 1067 806 1115 est,
837 1062 990 1116 procul
1020 1062 1138 1105 absit
1167 1061 1310 1117 gloria
1338 1061 1469 1116 vulgi.

282 1135 358 1180 Nil
387 1135 583 1192 prodest,
613 1137 732 1192 quod
762 1150 851 1181 non
882 1138 1058 1183 laedere
1088 1139 1231 1195 possit
1260 1138 1392 1182 idem.

206 1222 210 1226 ⁴
282 1211 358 1257 Nil
386 1212 524 1269 pudet
553 1220 754 1259 assuetos
785 1216 991 1271 sceptris:
1024 1215 1259 1260 mitissima
1288 1229 1384 1261 sors
1414 1221 1482 1261 est

289 1303 522 1346 regnorum
553 1290 634 1335 sub
666 1305 769 1348 rege
799 1306 924 1337 novo.

283 1400 293 1410 .
312 1367 443 1411 ..Nil
474 1367 569 1413 sine
600 1382 758 1425 magno

280 1443 373 1489 vita
402 1444 554 1490 labore
583 1445 706 1490 dedit
737 1447 1012 1491 mortalibus.

280 1522 356 1566 Nil
386 1535 580 1578 uuquam
609 1523 788 1579 longum
818 1531 899 1580 est,
931 1525 1050 1580 quod
1081 1525 1176 1569 sine
1206 1525 1293 1569 fine
1323 1525 1485 1581 placet.

167 1599 252 1643 670
280 1599 498 1644 Nimirum
529 1613 684 1656 sapere
714 1607 783 1646 est
812 1602 998 1657 abjectis
1028 1602 1136 1647 utile
1165 1603 1293 1658 nugis

280 1682 325 1721 et
352 1677 661 1733 tempestivum
691 1679 840 1734 pueris
871 1680 1112 1724 concedere
1143 1680 1307 1724 ludum.

279 1754 473 1799 Nitimur
503 1755 549 1799 in
577 1756 760 1800 vetitum
791 1770 966 1813 semper
994 1757 1283 1813 cupimusque
1313 1763 1487 1812 negata.

364 1833 428 1877 sic
458 1832 708 1878 interdictis
739 1834 939 1878 imminet
968 1847 1101 1890 aeger
1129 1835 1271 1890 aquis.

277 1909 447 1953 Nititur
476 1909 532 1954 ad
562 1910 738 1955 laudem
769 1912 906 1955 virtus
937 1913 1016 1955 vicl.
1049 1912 1310 1968 Explorant.

371 1986 592 2032 Nobilitas
623 1988 719 2032 sola
748 1994 815 2033 est
845 1995 976 2045 atque
1007 1990 1138 2034 unica
1167 1991 1320 2034 virtus.

278 2064 505 2109 ...Nocet
535 2071 684 2121 empta
713 2065 865 2110 dolore
895 2067 1099 2122 voluptas
1131 2067 1215 2110 vid.
1250 2067 1431 2122 Sperne.

264 2141 417 2192 ‚Nocte
447 2142 588 2186 latent
617 2142 801 2188 mendae
831 2144 1025 2199 vitioque
1064 2143 1308 2198 ignoscitur
1338 2144 1471 2188 omni.

275 2218 439 2263 Noctes
470 2225 602 2274 atque
633 2219 729 2264 dies
759 2226 882 2276 patet
912 2221 996 2264 atri
1021 2221 1161 2276 Janua
1190 2221 1320 2265 Ditis.

165 2296 247 2339 675
279 2295 379 2340 Non
410 2296 520 2340 bene
551 2297 758 2341 conducti
797 2297 991 2341 vendunt
1020 2298 1213 2354 perjuria
1243 2304 1402 2353 testes;

359 2387 445 2417 non
477 2374 588 2418 bene
620 2374 773 2418 selecti
795 2375 960 2430 judicis
991 2389 1096 2419 arca
1124 2382 1260 2432 patet.

275 2450 374 2495 Non
406 2451 516 2495 bene
547 2452 812 2496 conveniunt
840 2465 923 2497 nec
953 2453 999 2496 in
1028 2466 1117 2497 una
1154 2453 1258 2498 sede
1289 2458 1515 2497 morantur

274 2528 485 2584 majestas
516 2535 560 2573 et
595 2543 731 2573 amor.

275 2605 375 2649 Non
404 2606 515 2650 bene
545 2619 644 2650 cum
675 2607 807 2668 sociis
842 2620 978 2663 regna
1006 2607 1245 2663 Venusque
1275 2613 1467 2652 manent.

274 2682 375 2726 Non
405 2677 531 2738 bene,
562 2683 600 2727 si
631 2684 762 2728 tollas
794 2685 1002 2740 praemia,
1034 2685 1164 2730 durat
1194 2699 1330 2740 amor.

275 2758 374 2803 Non
405 2760 543 2804 cuivis
572 2760 740 2804 homini
772 2761 986 2816 contingit
1017 2761 1139 2806 adire
1170 2762 1446 2806 Corinthum.

166 2839 250 2880 680
278 2836 377 2881 Non
403 2837 538 2881 datur
567 2838 623 2881 ad
654 2851 801 2882 musas
836 2851 1013 2883 currere
1044 2839 1136 2883 lata
1163 2839 1246 2883 via.

272 2913 372 2957 Non
403 2913 558 2959 domus
589 2922 632 2959 et
662 2915 838 2971 fundus,
880 2929 968 2959 non
998 2917 1114 2960 aeris
1145 2929 1327 2961 acervus
1357 2922 1402 2961 et
1433 2917 1530 2961 auri

272 2997 451 3046 aegroto
481 2991 648 3036 domini
679 2992 857 3036 deducit
878 3007 1064 3049 corpore
1096 2994 1257 3049 febres,

271 3081 360 3111 non
390 3068 536 3113 animo
567 3083 715 3114 curas:
746 3071 889 3115 valeat
922 3084 1152 3126 possessor
1171 3078 1357 3128 oportet,

272 3145 308 3188 si
340 3147 626 3201 comportatis
664 3147 797 3191 rebus
834 3148 946 3192 bene
987 3150 1150 3204 cogitat
1179 3150 1257 3193 uti.

270 3221 369 3266 Non
400 3235 480 3278 ego
510 3230 716 3268 ventosae
745 3224 889 3280 plebis
926 3225 1136 3281 suffragia
1165 3240 1310 3272 venor.

269 3298 370 3345 Non
398 3299 484 3344 erit
512 3300 688 3357 ignotae
718 3303 862 3358 gratia
890 3315 1050 3359 magna
1078 3303 1212 3360 lyrae,

1611 300 1711 333 ovid.
1735 302 1838 336 Trist„
1859 302 1901 334 V,
1925 301 1973 337 14.
1987 303 2038 334 12.

1614 379 1695 411 δαν.
1718 380 1789 411 sat.
1812 381 1841 411 3.
1865 381 1936 413 152.

1610 534 1710 565 Ovid.
1726 533 1828 567 Trist.
1844 533 1902 565 1v.
1916 534 1946 566 8.
1962 533 2014 565 47.

1611 708 1619 718 .
1631 708 1639 719 .
1652 709 1660 718 .
1673 686 1792 717 Achin.
1804 688 1838 718 in
1850 687 1966 719 Parth.
1983 687 2035 719 32.

1609 764 1708 795 Ovid.
1719 773 1762 795 ex
1776 765 1876 796 Pont.
1886 765 1927 797 11.
1940 765 1969 796 3.
1983 767 2032 799 15.

1610 842 1710 873 Ovid.
1733 842 1833 874 Trist.
1846 843 1903 875 111.
1917 842 1946 873 7.
1961 843 2013 874 43.

1607 997 1687 1029 δαν.
1711 997 1780 1029 Sat.
1797 997 1826 1027 6.
1849 996 1922 1029 457.

1610 1074 1685 1107 Tib.
1710 1073 1760 1105 ΕΙ.
1784 1073 1841 1105 IV.
1866 1074 1915 1104 13.
1940 1074 1968 1104 7.

1612 1151 1712 1184 Ovid.
1736 1152 1837 1183 Trist.
1861 1150 1905 1182 11.
1927 1152 2002 1183 266.

1609 1228 1740 1261 Lucan.
1764 1228 1883 1260 Phars-
1905 1228 1936 1258 8.
1958 1227 2055 1273 451..

1607 1383 1688 1414 lior.
1712 1383 1780 1414 sat.
1803 1383 1829 1414 1.
1852 1382 1883 1413 9.
1905 1383 1958 1413 59.

1610 1536 1712 1570 Rutu.
1734 1536 1813 1569 ltin.
1839 1537 1864 1567 1.
1889 1537 1923 1568 4.

1605 1614 1686 1645 lior.
1709 1613 1817 1654 Epist.
1839 1614 1880 1646 fl.
1902 1616 1934 1646 ².
1960 1614 2030 1649 m.

1603 1769 1706 1804 Ovld.
1718 1769 1838 1804 Amor.
1856 1770 1914 1802 111.
1931 1770 1960 1801 4.
1981 1770 2030 1802 17.

1604 2001 1684 2034 Juv.
1708 2003 1776 2034 sat
1800 2003 1829 2033 8.
1852 2003 1901 2033 20.

1602 2157 1702 2188 ovid.
1719 2154 1799 2188 Art.
1819 2156 1894 2188 Am.
1910 2160 1933 2191 1.
1950 2155 2027 2192 249.

1603 2234 1705 2274 Vei-g.
1728 2234 1815 2266 Aen.
1838 2236 1868 2265 6.
1893 2235 1963 2266 127.

1602 2312 1691 2343 ovid
1716 2308 1838 2344 Amor.
1854 2313 1878 2344 1.
1901 2314 1951 2350 10,
1975 2313 2026 2344 37.

1601 2467 1700 2499 ovid.
1722 2467 1804 2499 Met.
1826 2468 1855 2498 ⁴2.
1878 2468 1949 2498 846.

1599 2622 1698 2654 Ovid.
1718 2622 1791 2654 Art.
1811 2622 1889 2654 Am.
1905 2623 1935 2656 3.
1953 2623 2024 2654 564.

1601 2700 1700 2731 Ovid.
1715 2700 1832 2731 Amor.
1851 2700 1875 2731 1.
1888 2701 1916 2731 8.
1929 2702 1980 2733 96.

1598 2777 1679 2809 Hor.
1703 2777 1810 2817 Epist.
1834 2778 1858 2810 1.
1885 2778 1932 2808 17.
1957 2778 2007 2809 36.

1601 2854 1701 2894 I‘rop.
1725 2854 1775 2886 ΕΙ.
1798 2855 1859 2888 IV.
1883 2856 1911 2887 1.
1936 2856 1985 2887 14.

1598 2932 1680 2963 Hor.
1704 2932 1811 2972 Epist.
1834 2934 1858 2965 1.
1881 2934 1911 2964 2.
1934 2933 1985 2965 47.

1594 3242 1678 3276 Hor.
1701 3242 1809 3281 Epist.
1831 3242 1857 3274 1.
1882 3242 1930 3273 19.
1954 3243 2005 3275 37.

1595 3319 1694 3352 ovid.
1712 3318 1786 3352 Art.
1803 3318 1882 3353 Am.
1899 3321 1927 3353 3.
1946 3321 2018 3352 400.
