2164 3666
289 304 368 349 sed
398 304 527 349 modo
555 305 676 349 laeta
705 310 866 362 manet,
895 306 1042 350 vultus
1073 305 1203 350 modo
1233 306 1367 350 sumit
1397 306 1597 360 acerbOS,

374 387 420 426 et
450 387 623 426 tantum
655 387 861 427 constans
890 383 937 426 in
967 384 1145 427 levitate
1176 397 1256 427 sua
1286 390 1366 426 est·

288 458 463 515 Pauper
492 465 610 503 amet
640 466 781 515 caute,
813 461 967 504 timeat
997 460 1260 505 maledicere
1290 474 1471 516 pauper,
1615 473 1714 505 ovid.
1731 473 1804 505 Art.
1822 471 1906 506 Am.
1922 476 1950 506 2.
1972 476 2045 507 167.

376 536 603 592 multaque
633 537 843 582 divitibus
873 551 962 582 non
990 537 1202 594 patienda
1232 537 1359 581 ferat.

289 612 469 669 Pauper
498 614 614 657 enim
644 628 734 659 non
764 621 844 671 est,
875 616 946 660 cui
974 629 1120 659 rerum
1153 614 1349 671 suppetit
1378 627 1496 658 usus.
1611 628 1694 662 Hor.
1717 628 1824 667 Epist.
1847 630 1872 661 1.
1899 630 1949 660 12.
1972 630 2003 661 4.

175 706 258 748 815
288 703 502 760 Pauperis
532 710 612 761 est,
643 719 875 751 numerare
904 720 1053 762 pecus.
1612 719 1710 752 Ovid.
1734 720 1815 751 Met.
1839 720 1888 751 13.
1913 722 1987 752 823.

372 781 771 839 Paupertatemque
802 783 980 829 fatendo
1011 784 1213 828 Effecere
1244 784 1396 828 levem.
1616 797 1714 829 ovid.
1738 798 1820 829 Met.
1844 798 1874 832 8.
1898 799 1971 832 634.

291 859 552 916 ...Pauper
580 861 743 916 ubique
767 861 900 917 jacet.
1619 874 1720 909 ovid.
1745 875 1838 908 rant.
1861 878 1890 910 1.
1913 878 1983 910 218.

292 935 387 980 Pax
417 936 619 982 Cererem
650 938 803 994 nutrit,
832 939 956 994 pacis
986 939 1165 983 alumna
1194 940 1339 983 Ceres.
1615 950 1714 983 Onu.
1738 952 1829 984 Fam.
1853 955 1877 987 1.
1900 955 1970 987 704.

289 1013 467 1058 ...Pax
496 1028 584 1059 una
613 1016 849 1072 triumphis
880 1016 1127 1061 Innumeris
1158 1017 1314 1072 potior.
1613 1029 1684 1061 sm.
1708 1030 1949 1061 11a1.1‘un.12.
1970 1031 2049 1063 593.

174 1107 259 1149 820
287 1105 474 1150 Pectora
503 1105 607 1150 dum
636 1106 843 1163 gaudent,
874 1121 955 1151 nec
987 1114 1088 1151 sunt
1118 1107 1334 1152 adstricta
1363 1108 1528 1163 dolore,
1617 1121 1900 1155 Ovid.Art.Am.
1926 1122 2042 1154 1.361.

373 1182 471 1239 ipsa
498 1188 673 1239 patent:
704 1184 869 1228 blanda
898 1191 990 1228 tum
1022 1185 1141 1228 subit
1171 1191 1265 1230 arte
1282 1185 1444 1229 Venus.

285 1264 391 1304 tunc
421 1273 554 1316 quum
583 1262 724 1306 tristis
754 1268 861 1317 erat,
892 1262 1074 1306 defensa
1103 1267 1170 1306 est
1201 1263 1306 1307 Ilios
1337 1263 1485 1318 armis,

371 1338 586 1383 militibus
617 1339 848 1395 gravidum
880 1340 999 1383 laeta
1028 1340 1196 1396 recepit
1226 1354 1398 1395 equum.

284 1414 545 1461 Pectoribus
575 1430 719 1461 mores
750 1423 816 1461 tot
846 1424 960 1472 sunt,
992 1424 1099 1473 quot
1130 1418 1173 1461 in
1205 1418 1310 1461 orbe
1342 1418 1519 1473 figurae.
1608 1430 1708 1462 evm.
1726 1427 1805 1463 Art.
1827 1431 1902 1462 Am.
1928 1434 1951 1465 1.
1971 1432 2045 1462 759.

287 1525 297 1535 .
318 1526 327 1535 .
347 1525 355 1535 .
373 1491 553 1549 Peragit
583 1494 824 1549 tranquilla
852 1501 1050 1550 potestas
1068 1494 1193 1549 Quod
1225 1496 1417 1539 violenta
1436 1496 1601 1551 nequit.
1619 1508 1733 1541 claud.
1757 1509 1887 1542 Theou.
1911 1510 1982 1539 2:30.

287 1568 647 1615 Percontatorem
679 1571 830 1627 fugito,
862 1586 963 1616 nam
995 1573 1196 1628 garrulus
1227 1572 1341 1617 idem
1374 1578 1453 1617 est.
1616 1586 1696 1617 Hor.
1721 1586 1827 1626 Epist.
1867 1587 1891 1618 1.
1916 1587 1965 1620 18.
1989 1587 2041 1618 (³9.

365 1646 556 1692 Pereant
595 1649 670 1704 qui
701 1650 895 1694 crastina
925 1656 1091 1694 curant.
1619 1663 1719 1703 νας.
1745 1663 1846 1703 eopa.
1871 1665 1921 1695 37.

175 1740 260 1782 825
291 1737 445 1783 Perfer
475 1746 519 1783 et
549 1739 735 1784 obdura:
767 1740 892 1785 dolor
921 1741 994 1784 hic
1024 1741 1104 1785 tibi
1135 1741 1334 1797 proderit
1364 1741 1481 1785 olim.
1617 1755 1849 1787 Ovid.A1nor.
1877 1756 1987 1790 111.11.
2011 1756 2037 1787 7.

285 1814 439 1861 Perfer
468 1822 513 1861 et
543 1817 734 1862 obdura:
765 1819 901 1862 multo
931 1819 1132 1874 graviora
1161 1819 1315 1863 tulisti.
1614 1833 1714 1865 Ovid.
1737 1834 1838 1866 Trist.
1862 1834 1902 1865 v.
1925 1834 1971 1868 11.
1995 1833 2024 1867 7.

286 1926 296 1937 .
315 1927 324 1937 .
343 1927 352 1937 .
371 1892 568 1939 Perferte
599 1895 807 1951 laborem,
840 1895 1033 1953 Tempus
1064 1897 1148 1940 erit
1178 1896 1385 1940 lacrimis.
1612 1912 1697 1942 stat.
1721 1911 1826 1942 Theb.
1852 1912 1900 1942 12.
1923 1911 1994 1942 407.

286 2003 295 2014 .
315 2003 325 2014 .
343 2005 352 2014 .
369 1970 568 2028 Per-juria
597 1972 712 2017 ridet
743 1980 966 2017 amantum
1615 1988 1714 2028 rrop.
1739 1988 1786 2020 ει.
1811 1989 1869 2022 111.
1891 1990 1920 2019 ⁶.
1943 1989 1994 2020 49.

370 2049 554 2106 Jupiter
583 2056 627 2094 et
656 2057 810 2096 ventos
840 2051 967 2096 irrita
997 2052 1110 2096 ferre
1134 2051 1274 2107 jubet.

285 2123 485 2170 Pessima
514 2128 583 2183 sit,
616 2128 727 2172 nulli
758 2142 845 2172 non
877 2143 957 2173 sua
986 2129 1127 2173 forma
1155 2130 1314 2185 placet.
1609 2142 1708 2175 evm.
1728 2143 1890 2175 Ar1.Am.
1918 2145 1946 2175 1.
1964 2145 2036 2179 614.

172 2218 257 2260 830
285 2215 511 2263 Pessimus
541 2219 587 2262 in
617 2219 763 2264 dubiis
794 2234 933 2276 augur
963 2220 1105 2265 timor.
1616 2235 1700 2266 suu.
1724 2235 1831 2267 Theb.
1853 2238 1884 2269 a.
1907 2237 1936 2267 a.

286 2327 295 2337 .
314 2327 323 2337 .
342 2327 351 2337 .
370 2294 617 2340 Pictoribus
648 2302 780 2352 atque
813 2298 958 2353 poetis
1610 2313 1692 2344 flor.
1717 2313 1823 2353 Epist.
1847 2314 1888 2345 11.
1912 2314 1941 2344 3.
1965 2315 1995 2344 9.

285 2371 503 2427 quidlibet
533 2373 724 2418 audendi
755 2388 928 2431 semper
959 2375 1043 2419 fuit
1072 2390 1215 2432 aequa
1243 2382 1454 2432 potestas.

285 2448 500 2506 Pieridas,
533 2451 672 2506 pueri,
703 2451 857 2496 doctos
887 2459 931 2496 et
960 2460 1104 2498 amate
1133 2460 1302 2510 poetas,
1614 2468 1689 2500 Tin.
1712 2468 1762 2499 El.
1785 2469 1800 2500 1
1823 2469 1853 2500 4.
1877 2470 1928 2503 61.

369 2540 505 2572 aurea
533 2542 616 2572 nec
646 2535 855 2584 superent
885 2544 1067 2574 munera
1095 2530 1310 2575 Pieridas.

283 2604 475 2650 Pinxisti
505 2605 737 2662 Venerem,
769 2607 890 2663 colis,
921 2608 1215 2664 Artemidore,
1246 2609 1504 2664 Minervam,
1611 2623 1711 2654 Mart.
1737 2623 1852 2662 Epigr.
1875 2623 1915 2654 v.
1939 2624 1989 2654 4ο.
2007 2624 2034 2654 1.

357 2688 414 2726 ,et
443 2682 619 2727 miraris
650 2697 760 2739 opus
792 2684 1072 2741 displicuisse
1103 2687 1255 2730 tuum?

285 2759 490 2804 Ploratur
519 2761 714 2806 lacrimis
745 2763 909 2807 amissa
937 2764 1128 2819 pecunia
1156 2764 1283 2808 veris.
1609 2778 1690 2811 συν.
1714 2778 1781 2809 sat.
1806 2778 1855 2809 13.
1879 2778 1950 2809 134.

174 2853 258 2895 835
288 2850 435 2895 Pluris
465 2865 572 2908 opes
602 2866 718 2897 nunc
748 2860 862 2909 sunt,
893 2868 1023 2909 quam
1055 2855 1190 2910 prisci
1220 2856 1432 2910 temporis
1454 2856 1596 2900 annis.
1615 2868 1713 2900 Ovio.
1737 2869 1826 2900 rust.
1851 2870 1878 2900 1.
1903 2870 1970 2903 197.

283 2928 389 2973 Plus
421 2929 523 2973 aliis
554 2929 608 2974 de
638 2936 696 2986 te,
728 2944 859 2986 quam
890 2937 939 2974 tu
967 2932 1064 2986 tibi,
1095 2932 1274 2976 credere
1304 2933 1408 2976 noli.
1609 2947 1713 2980 Dion.
1737 2946 1810 2978 eac
1827 2947 1914 2980 Dist.
1940 2947 2036 2979 1.14.

285 3038 296 3049 .
314 3038 324 3050 .
342 3039 352 3049 .
373 3005 479 3050 Plus
495 3012 563 3051 est
579 3020 780 3052 servasse
795 3015 1018 3064 repertum
1031 3008 1171 3063 Quam
1193 3010 1419 3065 quaesisse
1429 3023 1729 3056 novum.ciau‹1.
1752 3024 1878 3056 senen.
1908 3026 1936 3055 2.
1961 3025 2034 3059 326.

282 3082 388 3127 Plus
418 3083 547 3139 ratio,
577 3098 709 3139 quam
739 3085 804 3129 vis
836 3099 968 3130 caeca
996 3088 1142 3131 valere
1174 3088 1297 3132 solet.
1610 3101 1835 3141 naaman.)
1865 3101 1916 3136 Ει.
1932 3103 1961 3133 2.
1985 3102 2034 3135 70.

283 3159 388 3204 Plus
417 3159 537 3204 valet
566 3160 771 3206 humanis
803 3163 968 3208 viribus
999 3164 1067 3208 ira
1096 3165 1181 3209 dei.
1607 3177 1707 3210 Ovm.
1731 3179 1833 3213 Trist.
1857 3179 1897 3211 v.
1923 3178 2033 3214 121⁴.

181 3245 267 3288 840
294 3243 518 3288 Poenituit
547 3246 707 3290 multos
738 3260 876 3291 vanae
907 3248 1157 3304 sterilisque
1188 3249 1439 3294 cathedrae.
1610 3263 1691 3296 σαν.
1713 3263 1782 3295 sat.
1806 3263 1834 3294 7.
1856 3263 1929 3295 20³.

220 3357 224 3362 .
281 3319 502 3368 Pollicitis
532 3322 654 3368 dives
685 3321 872 3379 quilibet
901 3338 999 3370 esse
1028 3330 1190 3381 potest.
1611 3340 1712 3374 ovid.
1735 3340 1810 3376 Art.
1837 3341 1915 3374 Am.
1928 3341 2034 3377 1544.

1648 3404 1696 3436 5.
