2164 3666
144 944 227 988 975

875 176 1096 227 2-41

1174 198 1271 205 ψῃ

253 325 375 371 Rara
405 326 580 382 quidem
610 327 761 382 virtus,
793 340 924 382 quam
954 340 1042 371 non
1071 327 1270 370 Fortuna
1299 326 1527 381 gubernet,
1576 337 1676 369 om.
1693 338 1796 371 Trist.
1812 333 1854 369 V.
1889 338 1934 369 ιιι
1951 334 2003 368 29.

340 417 452 459 quae
483 409 659 447 maneat
689 404 853 459 stabili,
885 418 1019 459 quum
1049 404 1162 460 fugit
1191 404 1281 458 illa,
1313 403 1438 458 pede.

254 480 363 526 Rari
393 481 555 536 quippe
584 481 708 524 boni:
739 495 945 525 numerus
974 482 1049 524 vix
1078 486 1147 525 est
1175 480 1374 535 totidem,
1405 485 1512 535 quot
1582 492 1662 524 σαν.
1686 493 1755 524 sat.
1779 493 1829 523 13.
1854 493 1904 523 26.

257 558 509 602 Thebarum
538 563 692 613 portae
723 559 791 602 vel
821 558 970 602 divitis
1001 559 1116 602 ostia
1143 558 1247 601 Nili.

255 634 406 679 Rebus
436 635 482 677 in
513 635 708 679 adversis
739 636 932 679 animum
962 636 1221 679 submittere
1250 635 1362 678 noli:

1584 646 1686 679 Dion}
1709 647 1781 678 Cat.
1798 647 1884 678 Dist.
1909 648 1939 678 2.
1954 648 2004 679 25.

257 723 381 768 spem
401 712 561 756 retine:
594 725 695 768 spes
725 726 813 756 una
842 713 1064 757 hominem
1085 725 1166 756 nec
1187 719 1326 756 morte
1358 711 1580 766 relinquit.

256 788 408 833 Rebus
437 790 482 832 in
513 791 711 845 angustis
741 790 871 834 facile
902 795 970 834 est
999 796 1279 833 contemnere
1309 789 1464 832 vitam:

343 866 517 910 fortiter
545 867 620 910 ille
650 866 769 923 facit,
801 868 876 922 qui
906 868 1042 911 miser
1070 880 1166 911 esse
1196 873 1355 922 potest.

257 943 410 999 Regia,
442 943 571 987 crede
602 945 724 999 mihi,
754 958 825 988 res
856 951 923 989 est
953 957 1208 989 succurrere
1239 944 1388 999 lapsis.

259 1020 394 1076 Regis
428 1021 484 1065 ad
513 1021 762 1076 exemplum
808 1023 888 1066 vid.
922 1022 972 1064 In
1003 1034 1244 1065 commune.

260 1098 439 1142 ...Rem
470 1097 621 1153 facias,
653 1112 759 1153 rem,

260 1175 298 1218 si
328 1175 472 1230 possis
500 1181 633 1230 recte,
665 1176 702 1219 si
734 1190 834 1231 non,
865 1189 1125 1231 quocunque
1158 1175 1287 1218 modo
1317 1188 1422 1217 rem.

202 1257 205 1261 '
259 1251 349 1296 Res
379 1258 446 1296 est
476 1251 655 1296 solliciti
686 1252 820 1308 plena
849 1253 1021 1296 timoris
1053 1266 1188 1295 amor.

147 1641 233 1682 980

151 2337 234 2378 985

259 1329 349 1374 Res
378 1330 604 1374 hominum
635 1330 814 1385 fragiles
844 1330 924 1373 alit
954 1336 998 1373 et
1028 1330 1140 1384 regit
1171 1335 1214 1372 et
1244 1329 1421 1384 perimit
1452 1328 1555 1371 fors.

259 1407 448 1463 Respue,
479 1407 595 1462 quod
626 1421 713 1450 non
745 1420 812 1451 es:
843 1407 970 1450 tollat
1001 1420 1080 1450 sua
1111 1419 1292 1450 munera
1322 1404 1465 1449 cerdo.

261 1519 271 1529 .
291 1519 300 1529 .
319 1519 328 1529 .
345 1483 443 1528 Rex
472 1484 650 1540 Jupiter
680 1485 881 1528 omnibus
912 1484 1041 1527 idem.

261 1561 386 1618 „Rex
416 1562 539 1606 sum“
572 1563 652 1605 vid.
684 1561 751 1605 Ne
782 1563 893 1617 quis.

263 1638 579 1682 ...Ridentem
611 1638 757 1682 dicere
789 1652 938 1682 verum
970 1638 1086 1692 Quid
1117 1639 1267 1681 vetat?

260 1716 477 1760 Ridentur
507 1717 623 1760 mala
653 1717 727 1771 qui
758 1722 1024 1772 componunt
1055 1715 1269 1770 carmiua3
1302 1728 1451 1758 verum

261 1793 453 1854 gaudent
484 1794 726 1838 scribentes
758 1800 801 1837 et
832 1807 877 1837 se
909 1799 1172 1836 venerantur
1202 1799 1244 1835 et
1274 1792 1403 1846 ultro,

262 1871 301 1915 si
330 1877 494 1926 taceas,
524 1870 707 1914 laudant
737 1870 951 1926 quidquid
983 1871 1199 1925 scripsere
1230 1869 1362 1912 beati.

264 1982 273 1992 .
293 1983 302 1992 .
321 1982 330 1992 .
347 1947 599 1992 Ridiculum
630 1949 723 1991 acri

263 2025 421 2070 fortius
452 2032 496 2069 et
525 2025 682 2069 melius
714 2038 894 2080 magnas
924 2025 1181 2080 plerumque
1213 2032 1332 2067 secat
1363 2037 1448 2068 res.

263 2102 430 2146 Romae
461 2102 771 2154 Tibur-amem
803 2108 1022 2156 ventosus,
1054 2101 1218 2144 Tibure
1248 2086 1446 2143 Romam.

264 2179 430 2223 Romae
460 2194 534 2223 rus
565 2186 712 2234 optas,
745 2179 971 2222 absentem
1004 2179 1193 2222 rusticus
1224 2178 1377 2220 urbem

263 2257 384 2301 tollis
415 2257 471 2301 ad
502 2263 622 2300 astra
651 2257 774 2300 levis.

321 2334 473 2378 isticus
505 2334 755 2389 agricolam,
787 2333 914 2376 miles
945 2332 1039 2376 fera
1069 2332 1187 2375 bella
1217 2338 1455 2387 gerentem,

351 2416 565 2454 rectorem
597 2410 756 2454 dubiae
788 2410 936 2454 navita
966 2410 1126 2465 puppis
1157 2416 1287 2453 amat.

279 2537 433 2621 Saepe
464 2578 544 2620 ego
574 2565 739 2609 tentavi
769 2578 896 2608 curas
927 2564 1147 2620 depellere
1178 2564 1299 2607 vino:

351 2649 397 2686 at
426 2642 551 2686 dolor
581 2642 626 2685 in
657 2642 862 2685 lacrimas
892 2648 1082 2685 verterat
1112 2653 1239 2683 omne
1272 2654 1457 2684 merum.

269 2719 411 2775 Saepe
441 2718 565 2763 Jovis
594 2719 683 2763 telo
714 2732 900 2774 quercus
932 2718 1089 2762 adusta
1119 2719 1241 2761 viret.

269 2796 410 2853 Saepe
441 2796 584 2840 solent
614 2809 720 2839 auro
751 2796 890 2838 multa
920 2796 1100 2839 subesse
1129 2795 1259 2838 mala.
1286 2814 1289 2818 ·

269 2872 411 2928 Saepe
441 2873 594 2917 stilum
624 2878 784 2926 vertas,
816 2873 974 2916 iterum
1006 2886 1117 2927 quae
1149 2872 1282 2927 digna
1311 2871 1399 2926 legi
1430 2871 1518 2914 sint

270 2951 526 3006 scripturus,
556 2963 698 3005 neque
728 2956 772 2993 te
802 2956 851 2992 ut
881 2949 1065 2993 miretur
1095 2950 1226 2992 turba
1256 2949 1446 3003 labores,

269 3032 499 3070 contentus
529 3027 682 3082 paucis
712 3027 963 3070 lectoribus.

155 3105 241 3146 990
270 3102 410 3158 Saepe
440 3109 591 3147 tacens
622 3103 712 3147 odii
743 3104 911 3147 semina
940 3102 1084 3146 vultus
1115 3102 1262 3145 habet.

271 3179 412 3235 Saepe
442 3186 592 3223 tacens
622 3194 771 3223 vocem
801 3180 1021 3234 verbaque
1051 3180 1196 3222 vultus
1226 3178 1373 3222 habet.

271 3256 534 3301 ...Saevior
564 3258 697 3313 armis

270 3333 446 3377 luxuria
474 3333 673 3377 incubuit
702 3333 950 3389 victumque
985 3333 1218 3376 ulciscitur
1248 3333 1410 3375 orbem.

1580 802 1681 836 Mart.
1691 802 1804 841 Epigr.
1815 802 1874 833 xl.
1887 803 1938 832 56.
1955 802 2005 841 1⁵.

1583 956 1682 987 Ovid.
1694 965 1737 987 ex
1751 957 1850 988 Pont.
1862 957 1902 988 11.
1916 957 1944 987 9.
1959 957 2002 990 11.

1584 1111 1666 1142 Hor.
1690 1111 1795 1150 Epist.
1820 1112 1843 1143 1.
1869 1112 1896 1142 1.
1920 1112 1970 1142 65.

1587 1265 1687 1296 Ovid.
1710 1265 1788 1297 Her.
1812 1268 1836 1299 1.
1861 1266 1909 1297 12.

1590 1343 1666 1374 Aua
1693 1343 1740 1375 Id.
1767 1345 1815 1377 12.
1840 1344 1867 1374 l.

1583 1421 1671 1452 Pers.
1695 1420 1764 1452 Sat.
1786 1421 1817 1454 4.
1841 1421 1890 1452 51.

1584 1498 1685 1537 Verg.
1710 1495 1802 1532 Aen.
1824 1499 1869 1531 10.
1893 1500 1955 1531 112.

1589 1653 1668 1684 Hor.
1693 1653 1762 1684 Sat.
1786 1653 1810 1684 1.
1835 1653 1862 1683 1.
1886 1653 1935 1683 24.

1585 1730 1667 1764 Hor.
1691 1730 1797 1770 Epist.
1820 1730 1861 1761 11.
1884 1731 1912 1760 2.
1936 1730 1988 1763 96.

1586 1961 1666 1992 Hor.
1683 1960 1751 1991 Sat.
1775 1962 1798 1993 Ι.
1825 1963 1873 1992 10.
1891 1962 2010 2000 mu).

1591 2102 1672 2149 noi.
1695 2115 1802 2155 Epist.
1826 2116 1850 2148 1.
1873 2115 1901 2145 s.
1927 2116 1976 2151 12.

1592 2193 1672 2224 Hor.
1687 2193 1755 2224 Sat.
1778 2193 1820 2225 11.
1846 2193 1874 2223 7.
1896 2193 1947 2223 27.

1591 2346 1692 2381 ovid.
1708 2356 1751 2378 ex
1763 2347 1860 2378 Pont.
1871 2347 1912 2378 11.
1923 2347 1951 2376 5.
1961 2347 2012 2377 61.

1593 2577 1668 2608 Tib.
1693 2576 1742 2608 El.
1766 2578 1781 2608 1
1803 2578 1832 2608 5.
1856 2577 1906 2607 37.

1590 2730 1690 2763 Ovid.
1713 2731 1813 2762 Trist.
1836 2730 1894 2761 1v.
1911 2731 1940 2763 9.
1964 2731 2014 2761 14.

1591 2808 1666 2839 Tib.
1690 2807 1739 2838 ΕΙ.
1763 2808 1787 2838 1.
1811 2808 1839 2837 9.
1867 2808 1915 2838 18.

1597 2885 1679 2915 Hor.
1704 2885 1775 2915 Sat-
1798 2885 2014 2923 1.10.·.··2(so).

1595 3115 1696 3147 Ovisl.
1714 3115 1786 3146 Art.
1803 3114 1880 3146 Am.
1900 3115 1928 3145 3.
1945 3115 2016 3145 51⁶2.

1592 3192 1693 3223 Ovid.
1715 3195 1789 3222 Art„
1807 3192 1883 3222 Λιιι.
1900 3192 1927 3221 1.
1947 3192 2018 3227 ῦ74,

1588 3270 1670 3302 Juv.
1695 3269 1763 3300 Sat.
1788 3269 1836 3299 10.
1862 3269 1934 3299 356.

1657 3410 1676 3440 6
