2164 3666
300 308 393 352 Fac
422 309 541 352 vivas
571 312 802 352 contentus
832 320 884 351 eo
914 306 1031 362 quod
1060 311 1262 362 tempora
1289 307 1516 362 praebent.

301 385 476 428 Fallere
507 384 759 428 credentem
790 397 877 427 non
908 389 976 427 est
1006 396 1194 438 operosa
1222 383 1416 438 puellam

387 461 550 516 gloria:
581 460 843 516 simplicitas
874 460 1009 515 digna
1037 459 1186 503 favore
1216 459 1313 503 fuit.

187 542 272 583 300
301 538 464 582 Fallite
493 537 719 581 fallentes:
752 550 808 580 ex
837 549 998 591 magna
1026 541 1151 591 parte
1180 535 1413 591 profanum

386 619 489 658 sunt
517 627 678 669 genus;
710 614 756 656 in
786 614 982 669 laqueOS,
1013 626 1123 668 quos
1152 625 1353 668 posuere,
1385 611 1559 655 cadant.

301 691 438 736 Fallit
466 691 584 736 enim
614 691 766 734 vitium
796 690 944 746 specie
973 690 1147 734 virtutis
1179 696 1224 733 et
1252 690 1420 733 umbra.

301 768 491 812 Fallitur
520 768 703 823 augurio
734 781 835 822 spes
866 767 984 811 bona
1015 780 1147 822 saepe
1178 780 1271 810 suo.

302 879 313 890 .
330 879 341 889 .
358 879 368 889 .
384 845 518 889 Falso
548 845 742 900 plurima
769 845 925 900 vulgus
956 850 1089 888 amat.

301 921 461 966 Falsus
490 921 633 966 honor
654 922 780 977 juvat
810 927 854 965 et
883 920 1073 965 mendax
1102 919 1286 964 infamia
1315 924 1457 963 terret

302 1012 432 1055 quem
462 999 549 1043 nisi
579 998 837 1043 mendosum
868 1004 912 1042 et
942 997 1231 1041 mendacem?

302 1075 442 1120 Fama
471 1076 648 1131 malum,
679 1089 766 1131 quo
796 1088 884 1119 non
914 1074 1035 1119 aliud
1065 1074 1259 1118 velocius
1289 1073 1427 1117 ullum

302 1152 549 1197 mobilitate
578 1151 696 1207 viget
726 1151 925 1206 viresque
955 1152 1144 1206 acquirit
1174 1150 1338 1205 eundo3

301 1242 438 1285 parva
466 1235 587 1273 metu
615 1228 780 1284 prim0,
811 1242 914 1272 mox
943 1242 1041 1273 sese
1071 1228 1236 1272 attollit
1264 1228 1311 1271 in
1340 1239 1484 1281 auras,

302 1305 636 1362 ingrediturque
667 1306 762 1350 solo
793 1312 838 1349 et
867 1311 1000 1361 caput
1029 1305 1146 1349 inter
1175 1304 1329 1349 nubila
1349 1303 1525 1348 condit.
1544 1336 1554 1347 .
1573 1337 1582 1347 .
1600 1336 1610 1346 .

300 1388 392 1427 tam
422 1382 515 1427 ficti
544 1383 755 1439 pravique
785 1388 918 1426 tenax
949 1395 1080 1438 quam
1110 1381 1267 1426 nuntia
1294 1381 1399 1426 veri.

302 1459 529 1515 Famaque
558 1466 661 1516 post
690 1460 862 1504 cineres
894 1458 1033 1514 maior
1063 1459 1195 1503 venit.

304 1571 314 1581 .
336 1571 346 1582 .
364 1536 480 1581 ‚Fas
511 1542 579 1581 est
608 1543 652 1581 et
683 1537 739 1580 ab
770 1537 898 1581 hoste
929 1536 1091 1580 doceri.

1620 321 1725 353 Dion.
1748 318 1821 351 cat.
1830 319 1918 350 nist.
1939 318 1968 348 3.
1991 319 2043 349 11.

1625 396 1725 428 ovid.
1748 395 1827 428 Her.
1850 396 1952 434 263.

1627 548 1902 583 Ovid.Art.Am.
1926 550 1954 580 1.
1976 550 2048 580 645.

1619 703 1699 735 Jnv.
1722 704 1791 735 Sat.
1812 701 1862 737 14.
1886 702 1958 734 109.

1625 780 1725 812 ovid.
1748 780 1828 814 Her.
1853 781 1904 813 17.
1927 780 1999 810 ⁶234.

1627 858 1703 892 Tib.
1727 858 1776 888 El.
1800 858 1859 892 ΙΙΙ.
1881 859 1911 888 3.
1932 858 1975 888 20

1625 935 1708 969 Hor.
1731 934 1836 974 Epist.
1859 934 1885 968 1.
1909 934 1959 965 16.
1983 933 2033 964 30.

1625 1089 1739 1129 Vei-gl.
1761 1088 1846 1120 Aen.
1870 1088 1897 1119 4.
1922 1087 1991 1118 174.

1627 1467 1727 1501 Ovttl.
1737 1476 1781 1499 cx
1795 1467 1894 1498 Pont.
1903 1466 1961 1497 lv.
1969 1466 2049 1499 103.

1630 1545 1730 1578 Ovid.
1752 1544 1834 1576 Met.
1858 1543 1887 1574 4.
1912 1543 1988 1574 428.

303 1614 464 1659 Fastus
494 1613 611 1658 inest
640 1613 839 1669 pulchris
869 1613 1156 1669 sequiturque
1187 1611 1395 1668 superbia
1415 1610 1613 1655 formam.
1630 1622 1731 1655 ovid.
1764 1620 1855 1652 Fut.
1880 1620 1911 1654 ι.
1932 1618 2007 1650 419.

302 1691 416 1735 Fata
445 1695 624 1736 manent
655 1703 820 1745 omnes,
853 1704 1004 1735 omnes
1034 1696 1243 1746 expectat
1272 1702 1430 1732 avarus

387 1768 590 1825 portitor,
621 1773 666 1811 et
694 1768 851 1812 turbae
881 1768 955 1811 vix
985 1768 1094 1811 satis
1124 1780 1213 1810 una
1241 1765 1365 1810 ratis.

303 1845 526 1890 tendimus
555 1845 642 1889 huc
673 1858 838 1900 omnes,
870 1850 1032 1888 metam
1062 1857 1348 1900 properamus
1378 1842 1435 1887 ad
1466 1855 1613 1897 unam,

388 1923 538 1967 omnia
565 1923 647 1967 sub
677 1922 797 1977 leges
827 1934 944 1965 mors
974 1927 1102 1964 vocat
1131 1927 1230 1964 atra
1258 1933 1374 1964 suas.

189 2003 275 2045 310
303 2000 417 2045 Fata
444 2005 603 2055 regunt
633 1999 797 2054 orbem,
828 2004 950 2043 certa
980 2004 1100 2042 stant
1130 1997 1279 2042 omnia
1308 1997 1417 2053 lege.

191 2617 274 2659 315

304 2077 419 2122 Fata
446 2076 562 2121 viam
592 2076 827 2120 invenient.

302 2153 500 2198 Fecundi
531 2153 692 2198 calices
723 2166 852 2209 quem
882 2165 969 2196 non
1000 2151 1144 2196 fecere
1174 2151 1402 2206 disertum,

304 2235 533 2274 contracta
562 2243 692 2286 quem
722 2243 810 2274 non
841 2230 886 2273 in
915 2235 1176 2285 paupertate
1208 2229 1431 2273 solutum}>

304 2306 500 2350 Felicem
531 2306 653 2362 scivi,
684 2318 772 2349 non
802 2307 890 2362 qui,
922 2306 1039 2362 quod
1070 2306 1214 2361 vellet,
1244 2306 1443 2360 haberet,

391 2382 469 2427 sed
499 2383 574 2438 qui
605 2396 685 2438 per
715 2383 854 2427 fatum
884 2397 972 2427 non
1002 2383 1108 2427 data
1136 2396 1224 2427 non
1254 2388 1448 2438 cuperet.

304 2459 434 2504 Felix
465 2467 688 2515 agrestum
719 2460 939 2516 quondam
969 2467 1129 2515 pacata
1152 2460 1375 2515 juventus,

389 2537 568 2581 divitiae
599 2550 784 2592 quorum
815 2537 971 2581 messis
1002 2543 1046 2581 et
1075 2538 1207 2581 arbor
1237 2542 1375 2580 erant.

305 2614 433 2659 Felix
461 2614 772 2670 grammaticus
801 2626 889 2657 non
920 2620 1000 2658 est.

304 2691 445 2747 Felix,
476 2691 550 2746 qui
581 2691 737 2747 patriis
768 2703 922 2735 aevum
951 2691 1166 2746 transegit
1194 2691 1240 2733 in
1270 2690 1402 2745 agris,

387 2768 487 2824 ipsa
515 2767 670 2812 domus
698 2781 884 2824 puerum
915 2781 1045 2822 quem
1075 2766 1208 2822 videt,
1238 2767 1337 2822 ipsa
1366 2779 1529 2820 senem,

305 2845 380 2901 qui
409 2845 567 2889 baculo
597 2845 757 2900 nitens,
789 2845 835 2888 in
865 2857 953 2900 qua
981 2844 1171 2899 reptavit
1201 2856 1337 2887 arena

390 2923 520 2966 unius
550 2927 752 2966 numerat
782 2921 960 2965 saecula
987 2921 1120 2976 longa
1148 2934 1291 2964 casae.

306 2999 430 3043 illum
459 3012 550 3043 non
579 2998 701 3043 vario
732 2999 868 3042 traxit
897 2999 1097 3043 Fortuna
1126 2998 1329 3053 tumultu,

388 3090 470 3120 nec
499 3075 613 3120 bibit
641 3076 814 3130 ignotas
845 3076 1021 3119 mobilis
1051 3076 1214 3131 hospes
1244 3089 1394 3131 aquas.

305 3152 448 3208 Felix,
477 3153 552 3208 qui
580 3151 724 3208 potuit
745 3165 890 3196 rerum
921 3165 1184 3207 cognoscere
1215 3166 1371 3197 causas

306 3234 438 3285 atque
467 3234 610 3273 metus
640 3242 791 3273 omnes
821 3235 866 3273 et
894 3229 1167 3273 inexorabile
1197 3230 1337 3274 fatum

305 3305 492 3362 subjecit
520 3305 708 3362 pedibus
739 3306 1057 3362 strepitumque
1086 3306 1352 3351 Acherontis
1382 3306 1516 3351 avari.

1630 1698 1768 1732 consol.
1790 1697 1833 1730 ad
1856 1697 1929 1729 Liv-
1954 1696 2028 1728 35⁷.

1622 2007 1739 2040 Manil.
1763 2005 1902 2038 Astron.
1924 2005 1954 2036 4.
1980 2003 2029 2035 14.

1624 2084 1740 2125 Vergl.
1750 2082 2051 2116 Aemss.395.10.113.

1630 2163 1711 2194 Hor.
1735 2161 1841 2201 Epist.
1863 2160 1889 2192 1.
1912 2161 1941 2191 b.
1965 2158 2014 2189 19.

1628 2316 1756 2349 Annon.
1783 2313 1881 2354 ldyu.
1903 2314 1932 2343 2.
1954 2312 2004 2343 23.

1631 2471 1734 2510 prop.
1757 2469 1808 2501 ει.
1831 2468 1860 2500 4.
1884 2466 1935 2498 1³.
1956 2467 2007 2497 25.

1630 2624 1760 2655 Auson.
1786 2621 1902 2662 Epigr.
1926 2621 1997 2653 1³6.
2022 2620 2052 2651 1.

1629 2700 1745 2734 Claud.
1768 2699 1883 2740 Epigr.
1906 2699 1935 2731 2.
1959 2698 1987 2730 1.

1626 3168 1727 3207 Vei-g.
1751 3167 1874 3207 Georg.
1897 3167 1926 3198 2.
1948 3166 2021 3198 490.
