2164 3666
171 305 255 349 385
381 301 468 347 Hic
497 315 649 347 murus
678 306 842 347 aeneus
872 306 986 346 esto:

283 381 346 425 nil
377 380 574 425 conscire
604 379 703 435 sibi,
736 379 861 423 nulla
888 378 1132 435 pallescere
1162 378 1305 434 culpa.

285 492 295 502 .
313 492 324 504 .
341 493 352 503 .
367 457 453 502 Hic
482 457 607 513 niger
636 461 704 501 est
733 457 814 500 vid.
844 456 1099 500 Absentem.

283 534 368 579 Hic
396 533 593 590 Rhodus,
623 533 696 578 hic
726 534 852 578 salta.

283 610 369 656 Hic
398 617 547 657 teneat
575 616 751 656 nostros
781 624 944 656 ancora
967 611 1090 667 jacta
1118 616 1250 655 rates.

283 687 400 733 Hinc
428 689 533 734 illae
561 689 783 734 lacrimae.

283 767 380 811 Hoc
409 780 534 823 opus,
562 766 637 811 hic
666 766 792 811 labor
821 772 902 810 est.

284 844 381 888 Hoc
409 844 521 900 volo,
551 844 616 888 sic
638 844 787 899 jubeo,
818 843 877 887 sit
905 856 986 899 pro
1015 843 1187 887 ratione
1216 842 1431 887 voluntas.

171 923 256 965 390
284 921 458 966 Horrea
476 921 685 966 formicae
714 919 903 965 tendunt
932 920 988 965 ad
1017 921 1169 964 inania
1196 933 1438 976 nunquam:

368 999 516 1044 nullus
546 998 603 1043 ad
634 999 820 1043 amissas
848 998 932 1042 ibit
961 998 1128 1042 amicus
1161 1010 1279 1054 opes.

284 1076 478 1121 Hori-ent
508 1076 709 1121 admotas
738 1075 919 1120 vulnera
947 1075 1084 1120 cruda
1113 1089 1281 1119 manus.

285 1153 604 1210 Humanaeque
634 1166 802 1197 memor
831 1142 976 1208 sortis,
1008 1166 1121 1208 quae
1150 1153 1268 1197 tollit
1298 1152 1475 1197 eosdem

371 1238 416 1276 et
444 1232 617 1287 premit,
647 1232 841 1275 incertas
869 1230 966 1287 ipse
995 1243 1147 1275 verere
1178 1230 1309 1274 vices.

285 1308 429 1364 Hunc,
459 1308 672 1365 Macrine,
704 1308 821 1352 diem
851 1321 1035 1353 numera
1063 1308 1245 1351 meliore
1275 1308 1440 1364 lapillo,

286 1386 362 1442 qui
390 1386 473 1430 tibi
503 1386 703 1430 labentes
734 1386 919 1442 apponit
948 1385 1162 1430 candidus
1192 1399 1344 1430 annos.

285 1463 421 1508 funde
451 1477 619 1508 merum
649 1463 797 1518 genio!
829 1477 918 1523 non
946 1469 995 1507 tu
1024 1475 1155 1519 prece
1184 1463 1329 1518 poscis
1360 1464 1499 1507 emaci

287 1553 400 1596 quae
428 1540 517 1585 nisi
546 1540 744 1585 seductis
774 1554 968 1596 nequeas
999 1541 1273 1585 committere
1304 1541 1428 1584 divis.

288 1618 431 1674 Hunc,
452 1631 581 1674 quem
602 1630 741 1662 coena
759 1619 856 1674 tibi,
878 1631 1007 1673 quem
1028 1631 1182 1662 mensa
1202 1620 1373 1674 paravit
1394 1621 1595 1675 amicum,

372 1708 470 1740 esse
499 1700 630 1752 putas
659 1694 774 1739 fidae
803 1701 958 1751 pectus
988 1695 1240 1739 amicitiae?

288 1786 444 1830 aprum
474 1778 593 1818 amat
623 1778 667 1817 et
695 1773 854 1817 mullos
885 1778 929 1816 et
958 1786 1111 1817 sumen
1141 1779 1185 1816 et
1214 1779 1373 1829 ostrea,
1404 1787 1491 1818 non
1521 1783 1583 1819 te:

372 1856 463 1895 tam
493 1851 607 1895 bene
637 1850 676 1895 si
706 1863 898 1907 coenem,
929 1856 1080 1895 noster
1109 1850 1277 1895 amicus
1308 1851 1405 1895 erit.

290 2031 301 2043 ·
319 2032 329 2043 -
347 1975 457 2052 -Ibi
486 2005 567 2062 fas,
597 2006 674 2050 ubi
704 2006 898 2050 maxima
926 2019 1094 2050 merces
1124 2007 1205 2050 vid.
1237 2005 1371 2050 Nulla
1399 2005 1523 2050 fides.

177 2085 260 2127 395
290 2083 324 2139 1,
354 2083 482 2139 bone,
513 2097 599 2139 quo
627 2084 767 2128 virtus
795 2090 874 2128 tua
901 2090 946 2128 te
976 2089 1114 2138 vocat,
1144 2083 1159 2126 i
1189 2082 1302 2138 pede
1332 2083 1491 2139 fausto,

290 2160 475 2215 grandia
504 2160 675 2205 laturus
704 2162 960 2205 meritorum
991 2162 1200 2217 praemia.

291 2237 326 2293 Ι,
357 2237 504 2293 decuS,
535 2239 551 2282 i
580 2245 793 2292 nostrum,
823 2239 1081 2282 melioribus
1114 2244 1238 2282 utere
1269 2238 1395 2282 fatis!

293 2314 400 2370 Igne
430 2315 536 2371 quid
564 2316 748 2360 utilius?
778 2317 816 2359 si
846 2317 944 2371 quis
974 2322 1123 2360 tamen
1153 2329 1281 2359 urere
1311 2321 1430 2359 tecta

377 2398 616 2448 comparat,
647 2393 836 2437 audaces
866 2393 1045 2437 instruit
1075 2394 1176 2448 igne
1206 2405 1374 2437 manus.

293 2503 304 2516 .
322 2504 332 2515 .
350 2504 360 2515 .
377 2470 597 2525 Ignoscite
628 2471 665 2515 si
695 2470 800 2526 quid
830 2470 1044 2514 Intumuit
1073 2471 1227 2526 pietas.

293 2581 305 2592 .
322 2547 522 2604 ..Ignoti
552 2548 675 2592 nulla
704 2547 877 2604 cupido.

180 2627 266 2669 400
293 2623 497 2680 Ignotum
526 2625 608 2669 tibi
638 2631 686 2669 tu
717 2625 808 2669 noli
837 2638 1110 2681 praeponere
1141 2625 1270 2669 notis,

294 2701 454 2747 Iliacos
483 2702 604 2746 intra
632 2716 782 2747 muros
812 2704 895 2747 vid.
928 2703 1167 2747 Seditione.

294 2779 377 2824 Ille
407 2793 581 2824 crucem
610 2780 789 2824 sceleris
819 2781 903 2824 vid.
934 2780 1082 2824 Multi.

295 2857 377 2901 Ille
406 2857 526 2901 dolet
555 2870 670 2912 vere,
701 2858 776 2913 qui
807 2858 902 2901 sine
932 2863 1046 2901 teste
1076 2850 1209 2901 dolet.

295 2934 378 2978 Ille
406 2940 508 2978 tuus
537 2948 705 2990 pennas
734 2940 824 2978 tam
856 2935 943 2978 cito
972 2934 1105 2978 vertit
1134 2935 1288 2978 amor?

295 3011 411 3056 Illud
441 3011 675 3055 Amicitiae
705 3018 905 3056 sanctum
936 3025 987 3055 ac
1017 3012 1267 3055 venerabile
1297 3025 1459 3055 numen

381 3094 552 3144 prostat
582 3094 627 3132 et
655 3090 701 3132 in
730 3094 915 3144 quaestu
944 3102 1024 3144 pro
1054 3089 1283 3132 meretrice
1315 3089 1451 3133 sedet.

300 3198 310 3209 .
329 3165 712 3210 ..Immedieabile
742 3166 900 3209 vulnus
931 3167 1013 3208 vid.
1045 3165 1226 3208 Cuncta.

300 3274 310 3284 .
329 3274 339 3285 .
357 3275 366 3285 .
383 3241 604 3286 Immensa
633 3248 700 3286 est
728 3242 947 3297 finemque
978 3242 1176 3297 potentia
1206 3242 1317 3286 coeli

1606 314 1689 349 Hor.
1713 316 1819 355 Epist.
1842 317 1864 348 1.
1891 318 1919 351 1.
1943 319 1993 348 60.

1804 548 1818 579 ?

1606 623 1706 656 Ovld.
1722 626 1796 658 Art.
1811 627 1889 660 Am.
1914 628 1942 659 1.
1959 629 2030 659 772.

1609 702 1692 737 Hor.
1715 703 1823 743 Epist.
1847 704 1873 739 1.
1898 705 1947 737 19.
1973 706 2023 736 41.

1606 780 1707 820 Vei-g·
1731 781 1815 814 Aen.
1838 783 1867 818 6,
1891 783 1961 816 129.

1608 858 1687 890 Juv.
1712 858 1780 891 Sat.
1803 860 1831 891 ⁶.
1856 861 1926 892 223.

1611 934 1710 967 Ονὶᾶ.
1734 937 1836 971 Trist.
1862 938 1884 970 Ι.
1902 939 1931 968 9.
1961 939 1989 970 9.

1610 1089 1711 1125 Ovid.
1722 1100 1765 1123 ex
1776 1092 1876 1126 Pont.
1890 1093 1915 1126 1.
1925 1093 1954 1123 3-
1968 1095 2018 1127 16.

1610 1167 1708 1201 Ovid.
1733 1170 1832 1202 Triflt.
1845 1170 1902 1203 III.
1917 1171 1965 1201 ll.
1983 1171 2034 1202 67.

1614 1323 1702 1355 Pen-
1726 1323 1794 1356 Sat.
1817 1325 1846 1355 2.
1871 1325 1898 1356 l.

1614 1632 1712 1666 Mart.
1724 1633 1838 1673 Epigr.
1856 1634 1913 1666 IX.
1936 1635 1985 1667 15.
2008 1635 2040 1666 1.

1614 2097 1695 2130 Hor.
1719 2099 1826 2139 Epin.
1850 2100 1890 2131 11.
1914 2103 1940 2131 2.
1966 2101 2016 2134 37.

1614 2252 1716 2292 Υεηζ.
1739 2252 1825 2286 Aen.
1849 2256 1878 2286 6.
1901 2256 1972 2286 546.

1620 2330 1719 2362 Ovld.
1743 2331 1842 2363 Trist.
1867 2333 1907 2364 11.
1931 2334 2001 2363 267.

1616 2483 1731 2516 Gaud.
1742 2486 1920 2525 mptPros.
1930 2487 1958 2517 3.
1969 2487 2031 2517 295

1620 2561 1720 2594 Ovld.
1737 2563 1810 2596 Art.
1828 2564 1904 2596 Am.
1929 2564 1957 2594 3.
1978 2565 2040 2594 397

1619 2639 1719 2672 Dlon.
1744 2640 1818 2674 Cat.
1843 2642 1928 2673 Dist„
1947 2643 1973 2672 1.
1990 2642 2042 2676 32.

1620 2871 1719 2903 Mart.
1744 2872 1856 2911 Epigr.
1882 2873 1905 2903 1.
1927 2872 1976 2902 33.
2000 2873 2030 2903 4.

1618 2949 1717 2988 Prop.
1741 2948 1791 2980 ΕΙ.
1815 2949 1872 2981 ΠΙ.
1896 2949 1945 2979 24.
1970 2950 2022 2979 22.

1620 3025 1718 3059 Ovid.
1729 3035 1772 3057 ex
1784 3026 1883 3060 Pont.
1895 3027 1935 3058 11.
1951 3027 1979 3056 3.
1993 3027 2041 3057 19.

1620 3256 1719 3289 ovid.
1744 3257 1824 3288 Met.
1848 3257 1876 3287 8.
1900 3257 1973 3287 618.

301 3332 388 3363 non
418 3319 552 3362 habet
582 3324 626 3362 et
655 3319 867 3374 quidquid
899 3319 1054 3374 Superi
1076 3319 1264 3374 voluere,
1296 3325 1520 3375 peractum
1542 3326 1621 3364 est.

1687 3395 1708 3430 3
