<?xml version="1.0" encoding="UTF-8"?>
<!DOCTYPE html PUBLIC "-//W3C//DTD XHTML 1.0 Transitional//EN"
    "http://www.w3.org/TR/xhtml1/DTD/xhtml1-transitional.dtd">
<html xmlns="http://www.w3.org/1999/xhtml" xml:lang="en" lang="en">
 <head>
  <title>
</title>
<meta http-equiv="Content-Type" content="text/html;charset=utf-8" />
  <meta name='ocr-system' content='tesseract 3.04.00' />
  <meta name='ocr-capabilities' content='ocr_page ocr_carea ocr_par ocr_line ocrx_word'/>
</head>
<body>
  <div class='ocr_page' id='page_1' title='image "./dactyliothecacor00krusuoft_0036.png"; bbox 0 0 2164 3666; ppageno 0'>
   <div class='ocr_carea' id='block_1_1' title="bbox 238 341 2003 946">
    <p class='ocr_par' dir='ltr' id='par_1_1' title="bbox 238 341 2003 712">
     <span class='ocr_line' id='line_1_1' title="bbox 238 341 1949 402; baseline 0.002 -11"><span class='ocrx_word' id='word_1_1' title='bbox 238 341 355 391; x_wconf 85' lang='lat' dir='ltr'><strong>Nam</strong></span> <span class='ocrx_word' id='word_1_2' title='bbox 384 357 522 401; x_wconf 87' lang='lat' dir='ltr'><strong>genus</strong></span> <span class='ocrx_word' id='word_1_3' title='bbox 553 348 598 389; x_wconf 93' lang='lat' dir='ltr'><strong>et</strong></span> <span class='ocrx_word' id='word_1_4' title='bbox 626 356 829 400; x_wconf 86' lang='lat' dir='ltr'><strong>proavos,</strong></span> <span class='ocrx_word' id='word_1_5' title='bbox 861 348 906 388; x_wconf 88' lang='lat' dir='ltr'><strong>et</strong></span> <span class='ocrx_word' id='word_1_6' title='bbox 935 356 1049 400; x_wconf 90' lang='lat' dir='ltr'><strong>quae</strong></span> <span class='ocrx_word' id='word_1_7' title='bbox 1078 357 1168 389; x_wconf 90' lang='lat' dir='ltr'><strong>non</strong></span> <span class='ocrx_word' id='word_1_8' title='bbox 1197 343 1384 390; x_wconf 84' lang='lat' dir='ltr'><strong>fecimus</strong></span> <span class='ocrx_word' id='word_1_9' title='bbox 1413 344 1514 402; x_wconf 83' lang='lat' dir='ltr'><strong>ipsi,</strong></span> <span class='ocrx_word' id='word_1_10' title='bbox 1574 355 1673 392; x_wconf 72' lang='lat' dir='ltr'><strong>Ovid.</strong></span> <span class='ocrx_word' id='word_1_11' title='bbox 1698 353 1780 394; x_wconf 64' lang='lat' dir='ltr'><strong>Met.</strong></span> <span class='ocrx_word' id='word_1_12' title='bbox 1806 362 1855 396; x_wconf 71' lang='grc'><strong>19.</strong></span> <span class='ocrx_word' id='word_1_13' title='bbox 1878 356 1949 397; x_wconf 73' lang='lat' dir='ltr'><strong>ub.</strong></span> 
     </span>
     <span class='ocr_line' id='line_1_2' title="bbox 241 418 733 468; baseline -0.002 -1"><span class='ocrx_word' id='word_1_14' title='bbox 241 418 316 468; x_wconf 82' lang='lat' dir='ltr'><strong>vix</strong></span> <span class='ocrx_word' id='word_1_15' title='bbox 346 437 400 467; x_wconf 85' lang='lat' dir='ltr'><strong>ea</strong></span> <span class='ocrx_word' id='word_1_16' title='bbox 428 428 584 467; x_wconf 88' lang='lat' dir='ltr'><strong>nostra</strong></span> <span class='ocrx_word' id='word_1_17' title='bbox 611 435 733 466; x_wconf 86' lang='lat' dir='ltr'><strong>voco.</strong></span> 
     </span>
     <span class='ocr_line' id='line_1_3' title="bbox 239 499 2003 555; baseline 0.001 -10"><span class='ocrx_word' id='word_1_18' title='bbox 239 501 355 545; x_wconf 86' lang='lat' dir='ltr'><strong>Nam</strong></span> <span class='ocrx_word' id='word_1_19' title='bbox 385 501 524 545; x_wconf 88' lang='lat' dir='ltr'><strong>levius</strong></span> <span class='ocrx_word' id='word_1_20' title='bbox 554 500 694 543; x_wconf 85' lang='lat' dir='ltr'><strong>laedit</strong></span> <span class='ocrx_word' id='word_1_21' title='bbox 723 499 938 554; x_wconf 85' lang='lat' dir='ltr'><strong>quidquid</strong></span> <span class='ocrx_word' id='word_1_22' title='bbox 969 500 1268 555; x_wconf 82' lang='lat' dir='ltr'><strong>praevidimus</strong></span> <span class='ocrx_word' id='word_1_23' title='bbox 1299 507 1413 545; x_wconf 88' lang='lat' dir='ltr'><strong>ante.</strong></span> <span class='ocrx_word' id='word_1_24' title='bbox 1572 515 1677 550; x_wconf 76' lang='lat' dir='ltr'><strong>Dion.</strong></span> <span class='ocrx_word' id='word_1_25' title='bbox 1701 515 1775 548; x_wconf 71' lang='lat' dir='ltr'><strong>eat„</strong></span> <span class='ocrx_word' id='word_1_26' title='bbox 1799 516 1888 551; x_wconf 67' lang='lat' dir='ltr'><strong>mat.</strong></span> <span class='ocrx_word' id='word_1_27' title='bbox 1903 517 1934 548; x_wconf 89' lang='lat'><strong>2.</strong></span> <span class='ocrx_word' id='word_1_28' title='bbox 1949 517 2003 549; x_wconf 72' lang='lat'><strong>24.</strong></span> 
     </span>
     <span class='ocr_line' id='line_1_4' title="bbox 241 577 1975 633; baseline 0.003 -10"><span class='ocrx_word' id='word_1_29' title='bbox 241 579 357 623; x_wconf 86' lang='lat' dir='ltr'><strong>Nam</strong></span> <span class='ocrx_word' id='word_1_30' title='bbox 386 579 544 622; x_wconf 87' lang='lat' dir='ltr'><strong>melius</strong></span> <span class='ocrx_word' id='word_1_31' title='bbox 575 578 662 621; x_wconf 84' lang='lat' dir='ltr'><strong>duo</strong></span> <span class='ocrx_word' id='word_1_32' title='bbox 693 577 937 621; x_wconf 87' lang='lat' dir='ltr'><strong>defendunt</strong></span> <span class='ocrx_word' id='word_1_33' title='bbox 965 578 1212 622; x_wconf 85' lang='lat' dir='ltr'><strong>retinacula</strong></span> <span class='ocrx_word' id='word_1_34' title='bbox 1242 580 1400 622; x_wconf 81' lang='lat' dir='ltr'><strong>navim.</strong></span> <span class='ocrx_word' id='word_1_35' title='bbox 1574 593 1674 633; x_wconf 81' lang='lat' dir='ltr'><strong>Prop.</strong></span> <span class='ocrx_word' id='word_1_36' title='bbox 1698 593 1748 625; x_wconf 81' lang='lat' dir='ltr'><strong>El.</strong></span> <span class='ocrx_word' id='word_1_37' title='bbox 1771 595 1830 626; x_wconf 88' lang='lat' dir='ltr'><strong>m.</strong></span> <span class='ocrx_word' id='word_1_38' title='bbox 1853 595 1903 626; x_wconf 89' lang='lat'><strong>22.</strong></span> <span class='ocrx_word' id='word_1_39' title='bbox 1925 595 1975 629; x_wconf 81' lang='lat'><strong>41.</strong></span> 
     </span>
     <span class='ocr_line' id='line_1_5' title="bbox 239 656 1872 712; baseline 0.002 -12"><span class='ocrx_word' id='word_1_40' title='bbox 239 657 355 701; x_wconf 86' lang='lat' dir='ltr'><strong>Nam</strong></span> <span class='ocrx_word' id='word_1_41' title='bbox 385 669 510 700; x_wconf 88' lang='lat' dir='ltr'><strong>mora</strong></span> <span class='ocrx_word' id='word_1_42' title='bbox 539 656 616 699; x_wconf 81' lang='lat' dir='ltr'><strong>dat</strong></span> <span class='ocrx_word' id='word_1_43' title='bbox 645 656 782 699; x_wconf 87' lang='lat' dir='ltr'><strong>vires:</strong></span> <span class='ocrx_word' id='word_1_44' title='bbox 813 661 990 699; x_wconf 89' lang='lat' dir='ltr'><strong>teneras</strong></span> <span class='ocrx_word' id='word_1_45' title='bbox 1021 669 1147 700; x_wconf 86' lang='lat' dir='ltr'><strong>mora</strong></span> <span class='ocrx_word' id='word_1_46' title='bbox 1176 657 1406 712; x_wconf 83' lang='lat' dir='ltr'><strong>percoquit</strong></span> <span class='ocrx_word' id='word_1_47' title='bbox 1435 670 1543 701; x_wconf 87' lang='lat' dir='ltr'><strong>uvas</strong></span> <span class='ocrx_word' id='word_1_48' title='bbox 1574 670 1675 703; x_wconf 70' lang='lat' dir='ltr'><strong>Ovid.</strong></span> <span class='ocrx_word' id='word_1_49' title='bbox 1702 672 1798 706; x_wconf 82' lang='lat' dir='ltr'><strong>Rem.</strong></span> <span class='ocrx_word' id='word_1_50' title='bbox 1821 672 1872 704; x_wconf 74' lang='lat'><strong>43.</strong></span> 
     </span>
    </p>

    <p class='ocr_par' dir='ltr' id='par_1_2' title="bbox 240 733 1430 868">
     <span class='ocr_line' id='line_1_6' title="bbox 326 733 1398 790; baseline 0 -12"><span class='ocrx_word' id='word_1_51' title='bbox 326 740 371 779; x_wconf 88' lang='lat' dir='ltr'><strong>et</strong></span> <span class='ocrx_word' id='word_1_52' title='bbox 400 734 570 778; x_wconf 85' lang='lat' dir='ltr'><strong>validas</strong></span> <span class='ocrx_word' id='word_1_53' title='bbox 602 738 788 789; x_wconf 84' lang='lat' dir='ltr'><strong>segetes,</strong></span> <span class='ocrx_word' id='word_1_54' title='bbox 820 733 938 788; x_wconf 86' lang='lat' dir='ltr'><strong>quod</strong></span> <span class='ocrx_word' id='word_1_55' title='bbox 967 733 1051 777; x_wconf 87' lang='lat' dir='ltr'><strong>fuit</strong></span> <span class='ocrx_word' id='word_1_56' title='bbox 1080 734 1233 790; x_wconf 86' lang='lat' dir='ltr'><strong>herba,</strong></span> <span class='ocrx_word' id='word_1_57' title='bbox 1265 734 1398 789; x_wconf 80' lang='lat' dir='ltr'><strong>facit3</strong></span> 
     </span>
     <span class='ocr_line' id='line_1_7' title="bbox 240 811 1430 868; baseline 0 -12"><span class='ocrx_word' id='word_1_58' title='bbox 240 825 353 868; x_wconf 86' lang='lat' dir='ltr'><strong>quae</strong></span> <span class='ocrx_word' id='word_1_59' title='bbox 383 813 569 867; x_wconf 85' lang='lat' dir='ltr'><strong>praebet</strong></span> <span class='ocrx_word' id='word_1_60' title='bbox 598 811 713 854; x_wconf 86' lang='lat' dir='ltr'><strong>latas</strong></span> <span class='ocrx_word' id='word_1_61' title='bbox 744 811 877 854; x_wconf 89' lang='lat' dir='ltr'><strong>arbor</strong></span> <span class='ocrx_word' id='word_1_62' title='bbox 908 811 1206 866; x_wconf 88' lang='lat' dir='ltr'><strong>spatiantibus</strong></span> <span class='ocrx_word' id='word_1_63' title='bbox 1235 812 1430 867; x_wconf 90' lang='lat' dir='ltr'><strong>umbras,</strong></span> 
     </span>
    </p>

    <p class='ocr_par' dir='ltr' id='par_1_3' title="bbox 327 889 1443 946">
     <span class='ocr_line' id='line_1_8' title="bbox 327 889 1443 946; baseline -0.001 -13"><span class='ocrx_word' id='word_1_64' title='bbox 327 903 414 946; x_wconf 91' lang='lat' dir='ltr'><strong>quo</strong></span> <span class='ocrx_word' id='word_1_65' title='bbox 445 890 593 945; x_wconf 87' lang='lat' dir='ltr'><strong>posita</strong></span> <span class='ocrx_word' id='word_1_66' title='bbox 624 895 692 933; x_wconf 92' lang='lat' dir='ltr'><strong>est</strong></span> <span class='ocrx_word' id='word_1_67' title='bbox 721 889 913 944; x_wconf 88' lang='lat' dir='ltr'><strong>primum</strong></span> <span class='ocrx_word' id='word_1_68' title='bbox 943 894 1159 946; x_wconf 87' lang='lat' dir='ltr'><strong>tempore,</strong></span> <span class='ocrx_word' id='word_1_69' title='bbox 1192 890 1317 945; x_wconf 86' lang='lat' dir='ltr'><strong>virga</strong></span> <span class='ocrx_word' id='word_1_70' title='bbox 1346 889 1443 933; x_wconf 87' lang='lat' dir='ltr'><strong>fuit.</strong></span> 
     </span>
    </p>
   </div>
   <div class='ocr_carea' id='block_1_2' title="bbox 126 981 2001 1033">
    <p class='ocr_par' dir='ltr' id='par_1_4' title="bbox 126 981 2001 1033">
     <span class='ocr_line' id='line_1_9' title="bbox 126 981 2001 1033; baseline 0.002 -5"><span class='ocrx_word' id='word_1_71' title='bbox 126 987 212 1029; x_wconf 88' lang='lat'><strong>590</strong></span> <span class='ocrx_word' id='word_1_72' title='bbox 240 983 356 1028; x_wconf 86' lang='lat' dir='ltr'><strong>Nam</strong></span> <span class='ocrx_word' id='word_1_73' title='bbox 386 996 475 1026; x_wconf 91' lang='lat' dir='ltr'><strong>non</strong></span> <span class='ocrx_word' id='word_1_74' title='bbox 505 982 770 1026; x_wconf 81' lang='lat' dir='ltr'><strong>conveniens</strong></span> <span class='ocrx_word' id='word_1_75' title='bbox 802 981 1004 1025; x_wconf 85' lang='lat' dir='ltr'><strong>omnibus</strong></span> <span class='ocrx_word' id='word_1_76' title='bbox 1036 981 1177 1025; x_wconf 89' lang='lat' dir='ltr'><strong>omnis</strong></span> <span class='ocrx_word' id='word_1_77' title='bbox 1209 982 1306 1026; x_wconf 88' lang='lat' dir='ltr'><strong>erit.</strong></span> <span class='ocrx_word' id='word_1_78' title='bbox 1574 995 1674 1028; x_wconf 72' lang='lat' dir='ltr'><strong>ovid.</strong></span> <span class='ocrx_word' id='word_1_79' title='bbox 1692 996 1855 1030; x_wconf 79' lang='lat' dir='ltr'><strong>Art.Am.</strong></span> <span class='ocrx_word' id='word_1_80' title='bbox 1880 995 2001 1033; x_wconf 57' lang='lat'><strong>³188.</strong></span> 
     </span>
    </p>
   </div>
   <div class='ocr_carea' id='block_1_3' title="bbox 234 1059 1985 1975">
    <p class='ocr_par' dir='ltr' id='par_1_5' title="bbox 239 1059 1070 1116">
     <span class='ocr_line' id='line_1_10' title="bbox 239 1059 1070 1116; baseline -0.002 -11"><span class='ocrx_word' id='word_1_81' title='bbox 239 1061 355 1105; x_wconf 87' lang='lat' dir='ltr'><strong>Nam</strong></span> <span class='ocrx_word' id='word_1_82' title='bbox 384 1074 466 1116; x_wconf 88' lang='lat' dir='ltr'><strong>pro</strong></span> <span class='ocrx_word' id='word_1_83' title='bbox 490 1059 700 1115; x_wconf 87' lang='lat' dir='ltr'><strong>jucundis</strong></span> <span class='ocrx_word' id='word_1_84' title='bbox 731 1059 812 1102; x_wconf 77' lang='lat' dir='ltr'><strong>vicl.</strong></span> <span class='ocrx_word' id='word_1_85' title='bbox 844 1059 920 1102; x_wconf 87' lang='lat' dir='ltr'><strong>Nil</strong></span> <span class='ocrx_word' id='word_1_86' title='bbox 952 1072 1070 1114; x_wconf 85' lang='lat' dir='ltr'><strong>ergo.</strong></span> 
     </span>
    </p>

    <p class='ocr_par' dir='ltr' id='par_1_6' title="bbox 237 1137 1985 1351">
     <span class='ocr_line' id='line_1_11' title="bbox 242 1137 1985 1193; baseline 0.001 -9"><span class='ocrx_word' id='word_1_87' title='bbox 242 1174 251 1184; x_wconf 89' lang='lat'><strong>.</strong></span> <span class='ocrx_word' id='word_1_88' title='bbox 271 1174 280 1184; x_wconf 92' lang='lat'><strong>.</strong></span> <span class='ocrx_word' id='word_1_89' title='bbox 299 1174 309 1183; x_wconf 86' lang='lat'><strong>.</strong></span> <span class='ocrx_word' id='word_1_90' title='bbox 325 1139 441 1183; x_wconf 90' lang='lat' dir='ltr'><strong>Nam</strong></span> <span class='ocrx_word' id='word_1_91' title='bbox 472 1138 548 1193; x_wconf 88' lang='lat' dir='ltr'><strong>qui</strong></span> <span class='ocrx_word' id='word_1_92' title='bbox 578 1137 740 1192; x_wconf 86' lang='lat' dir='ltr'><strong>cupiet,</strong></span> <span class='ocrx_word' id='word_1_93' title='bbox 771 1143 937 1180; x_wconf 85' lang='lat' dir='ltr'><strong>metuet</strong></span> <span class='ocrx_word' id='word_1_94' title='bbox 968 1150 1154 1192; x_wconf 89' lang='lat' dir='ltr'><strong>quoque.</strong></span> <span class='ocrx_word' id='word_1_95' title='bbox 1573 1151 1656 1184; x_wconf 82' lang='lat' dir='ltr'><strong>Hor.</strong></span> <span class='ocrx_word' id='word_1_96' title='bbox 1680 1151 1786 1192; x_wconf 79' lang='lat' dir='ltr'><strong>Epist.</strong></span> <span class='ocrx_word' id='word_1_97' title='bbox 1808 1153 1834 1185; x_wconf 92' lang='lat'><strong>1.</strong></span> <span class='ocrx_word' id='word_1_98' title='bbox 1858 1153 1909 1185; x_wconf 80' lang='lat'><strong>1⁷.</strong></span> <span class='ocrx_word' id='word_1_99' title='bbox 1933 1154 1985 1186; x_wconf 75' lang='lat'><strong>65.</strong></span> 
     </span>
     <span class='ocr_line' id='line_1_12' title="bbox 237 1215 1868 1272; baseline 0 -10"><span class='ocrx_word' id='word_1_100' title='bbox 237 1218 351 1262; x_wconf 88' lang='lat' dir='ltr'><strong>Nam</strong></span> <span class='ocrx_word' id='word_1_101' title='bbox 383 1215 489 1271; x_wconf 87' lang='lat' dir='ltr'><strong>quid</strong></span> <span class='ocrx_word' id='word_1_102' title='bbox 518 1216 798 1271; x_wconf 87' lang='lat' dir='ltr'><strong>imaginibus,</strong></span> <span class='ocrx_word' id='word_1_103' title='bbox 831 1215 936 1270; x_wconf 89' lang='lat' dir='ltr'><strong>quid</strong></span> <span class='ocrx_word' id='word_1_104' title='bbox 968 1215 1097 1260; x_wconf 88' lang='lat' dir='ltr'><strong>avitis</strong></span> <span class='ocrx_word' id='word_1_105' title='bbox 1128 1215 1242 1259; x_wconf 80' lang='lat' dir='ltr'><strong>fulta</strong></span> <span class='ocrx_word' id='word_1_106' title='bbox 1271 1216 1508 1272; x_wconf 84' lang='lat' dir='ltr'><strong>triumphis</strong></span> <span class='ocrx_word' id='word_1_107' title='bbox 1567 1230 1653 1262; x_wconf 77' lang='lat' dir='ltr'><strong>Pan.</strong></span> <span class='ocrx_word' id='word_1_108' title='bbox 1677 1231 1722 1262; x_wconf 82' lang='lat' dir='ltr'><strong>ad</strong></span> <span class='ocrx_word' id='word_1_109' title='bbox 1747 1231 1813 1267; x_wconf 81' lang='lat' dir='ltr'><strong>Pis.</strong></span> <span class='ocrx_word' id='word_1_110' title='bbox 1837 1232 1868 1263; x_wconf 86' lang='lat'><strong>8.</strong></span> 
     </span>
     <span class='ocr_line' id='line_1_13' title="bbox 237 1292 1269 1351; baseline -0.003 -11"><span class='ocrx_word' id='word_1_111' title='bbox 237 1297 365 1351; x_wconf 83' lang='lat' dir='ltr'><strong>atria,</strong></span> <span class='ocrx_word' id='word_1_112' title='bbox 397 1294 502 1350; x_wconf 90' lang='lat' dir='ltr'><strong>quid</strong></span> <span class='ocrx_word' id='word_1_113' title='bbox 532 1293 654 1349; x_wconf 91' lang='lat' dir='ltr'><strong>pleni</strong></span> <span class='ocrx_word' id='word_1_114' title='bbox 684 1306 920 1337; x_wconf 91' lang='lat' dir='ltr'><strong>numeroso</strong></span> <span class='ocrx_word' id='word_1_115' title='bbox 951 1293 1132 1337; x_wconf 87' lang='lat' dir='ltr'><strong>consule</strong></span> <span class='ocrx_word' id='word_1_116' title='bbox 1162 1292 1269 1338; x_wconf 88' lang='lat' dir='ltr'><strong>fasti</strong></span> 
     </span>
    </p>

    <p class='ocr_par' dir='ltr' id='par_1_7' title="bbox 235 1372 1371 1430">
     <span class='ocr_line' id='line_1_14' title="bbox 235 1372 1371 1430; baseline -0.001 -13"><span class='ocrx_word' id='word_1_117' title='bbox 235 1373 497 1430; x_wconf 85' lang='lat' dir='ltr'><strong>profuerint,</strong></span> <span class='ocrx_word' id='word_1_118' title='bbox 529 1372 567 1416; x_wconf 91' lang='lat' dir='ltr'><strong>si</strong></span> <span class='ocrx_word' id='word_1_119' title='bbox 596 1372 688 1415; x_wconf 85' lang='lat' dir='ltr'><strong>vita</strong></span> <span class='ocrx_word' id='word_1_120' title='bbox 716 1372 869 1415; x_wconf 79' lang='lat' dir='ltr'><strong>labat?</strong></span> <span class='ocrx_word' id='word_1_121' title='bbox 899 1372 1016 1426; x_wconf 89' lang='lat' dir='ltr'><strong>perit</strong></span> <span class='ocrx_word' id='word_1_122' title='bbox 1046 1372 1187 1415; x_wconf 89' lang='lat' dir='ltr'><strong>omnis</strong></span> <span class='ocrx_word' id='word_1_123' title='bbox 1219 1372 1265 1415; x_wconf 93' lang='lat' dir='ltr'><strong>in</strong></span> <span class='ocrx_word' id='word_1_124' title='bbox 1294 1372 1371 1416; x_wconf 92' lang='lat' dir='ltr'><strong>illo</strong></span> 
     </span>
    </p>

    <p class='ocr_par' dir='ltr' id='par_1_8' title="bbox 236 1450 1260 1506">
     <span class='ocr_line' id='line_1_15' title="bbox 236 1450 1260 1506; baseline 0 -12"><span class='ocrx_word' id='word_1_125' title='bbox 236 1452 460 1506; x_wconf 86' lang='lat' dir='ltr'><strong>nobilitas,</strong></span> <span class='ocrx_word' id='word_1_126' title='bbox 492 1451 616 1506; x_wconf 87' lang='lat' dir='ltr'><strong>cujus</strong></span> <span class='ocrx_word' id='word_1_127' title='bbox 646 1450 743 1493; x_wconf 88' lang='lat' dir='ltr'><strong>laus</strong></span> <span class='ocrx_word' id='word_1_128' title='bbox 776 1454 844 1493; x_wconf 87' lang='lat' dir='ltr'><strong>est</strong></span> <span class='ocrx_word' id='word_1_129' title='bbox 873 1450 920 1493; x_wconf 91' lang='lat' dir='ltr'><strong>in</strong></span> <span class='ocrx_word' id='word_1_130' title='bbox 950 1450 1119 1504; x_wconf 87' lang='lat' dir='ltr'><strong>origine</strong></span> <span class='ocrx_word' id='word_1_131' title='bbox 1151 1450 1260 1494; x_wconf 85' lang='lat' dir='ltr'><strong>sola.</strong></span> 
     </span>
    </p>

    <p class='ocr_par' dir='ltr' id='par_1_9' title="bbox 236 1528 1313 1584">
     <span class='ocr_line' id='line_1_16' title="bbox 236 1528 1313 1584; baseline -0.002 -11"><span class='ocrx_word' id='word_1_132' title='bbox 236 1529 345 1574; x_wconf 84' lang='lat' dir='ltr'><strong>felix</strong></span> <span class='ocrx_word' id='word_1_133' title='bbox 375 1529 451 1584; x_wconf 92' lang='lat' dir='ltr'><strong>qui</strong></span> <span class='ocrx_word' id='word_1_134' title='bbox 482 1529 619 1572; x_wconf 85' lang='lat' dir='ltr'><strong>tantis</strong></span> <span class='ocrx_word' id='word_1_135' title='bbox 651 1528 846 1571; x_wconf 88' lang='lat' dir='ltr'><strong>animum</strong></span> <span class='ocrx_word' id='word_1_136' title='bbox 876 1528 1102 1571; x_wconf 85' lang='lat' dir='ltr'><strong>natalibus</strong></span> <span class='ocrx_word' id='word_1_137' title='bbox 1133 1540 1313 1583; x_wconf 87' lang='lat' dir='ltr'><strong>aequas,</strong></span> 
     </span>
    </p>

    <p class='ocr_par' dir='ltr' id='par_1_10' title="bbox 238 1605 1384 1664">
     <span class='ocr_line' id='line_1_17' title="bbox 238 1605 1384 1664; baseline -0.003 -12"><span class='ocrx_word' id='word_1_138' title='bbox 238 1614 282 1653; x_wconf 90' lang='lat' dir='ltr'><strong>et</strong></span> <span class='ocrx_word' id='word_1_139' title='bbox 310 1613 482 1664; x_wconf 88' lang='lat' dir='ltr'><strong>partem</strong></span> <span class='ocrx_word' id='word_1_140' title='bbox 513 1606 647 1661; x_wconf 92' lang='lat' dir='ltr'><strong>tituli,</strong></span> <span class='ocrx_word' id='word_1_141' title='bbox 678 1619 767 1649; x_wconf 92' lang='lat' dir='ltr'><strong>non</strong></span> <span class='ocrx_word' id='word_1_142' title='bbox 799 1619 1014 1649; x_wconf 87' lang='lat' dir='ltr'><strong>summam</strong></span> <span class='ocrx_word' id='word_1_143' title='bbox 1044 1606 1173 1660; x_wconf 90' lang='lat' dir='ltr'><strong>ponis</strong></span> <span class='ocrx_word' id='word_1_144' title='bbox 1203 1606 1251 1648; x_wconf 91' lang='lat' dir='ltr'><strong>in</strong></span> <span class='ocrx_word' id='word_1_145' title='bbox 1281 1605 1384 1649; x_wconf 89' lang='lat' dir='ltr'><strong>illis.</strong></span> 
     </span>
    </p>

    <p class='ocr_par' dir='ltr' id='par_1_11' title="bbox 239 1682 1230 1740">
     <span class='ocr_line' id='line_1_18' title="bbox 239 1682 1230 1740; baseline -0.004 -9"><span class='ocrx_word' id='word_1_146' title='bbox 239 1686 439 1731; x_wconf 90' lang='lat' dir='ltr'><strong>...Nam</strong></span> <span class='ocrx_word' id='word_1_147' title='bbox 470 1685 568 1740; x_wconf 90' lang='lat' dir='ltr'><strong>quis</strong></span> <span class='ocrx_word' id='word_1_148' title='bbox 598 1683 821 1728; x_wconf 82' lang='lat' dir='ltr'><strong>Peccandi</strong></span> <span class='ocrx_word' id='word_1_149' title='bbox 852 1684 934 1726; x_wconf 69' lang='lat' dir='ltr'><strong>vid.</strong></span> <span class='ocrx_word' id='word_1_150' title='bbox 967 1682 1039 1725; x_wconf 87' lang='lat' dir='ltr'><strong>Ad</strong></span> <span class='ocrx_word' id='word_1_151' title='bbox 1069 1696 1230 1727; x_wconf 89' lang='lat' dir='ltr'><strong>mores.</strong></span> 
     </span>
    </p>

    <p class='ocr_par' dir='ltr' id='par_1_12' title="bbox 234 1760 1982 1975">
     <span class='ocr_line' id='line_1_19' title="bbox 234 1760 1876 1816; baseline -0.001 -8"><span class='ocrx_word' id='word_1_152' title='bbox 234 1764 350 1808; x_wconf 89' lang='lat' dir='ltr'><strong>Nam</strong></span> <span class='ocrx_word' id='word_1_153' title='bbox 380 1776 452 1807; x_wconf 87' lang='lat' dir='ltr'><strong>res</strong></span> <span class='ocrx_word' id='word_1_154' title='bbox 484 1762 713 1806; x_wconf 88' lang='lat' dir='ltr'><strong>mortifera</strong></span> <span class='ocrx_word' id='word_1_155' title='bbox 744 1767 812 1805; x_wconf 86' lang='lat' dir='ltr'><strong>est</strong></span> <span class='ocrx_word' id='word_1_156' title='bbox 840 1761 1046 1804; x_wconf 86' lang='lat' dir='ltr'><strong>inimicus</strong></span> <span class='ocrx_word' id='word_1_157' title='bbox 1071 1760 1245 1816; x_wconf 89' lang='lat' dir='ltr'><strong>pumice</strong></span> <span class='ocrx_word' id='word_1_158' title='bbox 1276 1761 1398 1805; x_wconf 88' lang='lat' dir='ltr'><strong>levis.</strong></span> <span class='ocrx_word' id='word_1_159' title='bbox 1574 1774 1654 1806; x_wconf 79' lang='lat' dir='ltr'><strong>Juv.</strong></span> <span class='ocrx_word' id='word_1_160' title='bbox 1677 1774 1744 1807; x_wconf 72' lang='lat' dir='ltr'><strong>Sat.</strong></span> <span class='ocrx_word' id='word_1_161' title='bbox 1770 1775 1802 1810; x_wconf 85' lang='grc'><strong>9.</strong></span> <span class='ocrx_word' id='word_1_162' title='bbox 1824 1776 1876 1807; x_wconf 79' lang='grc'><strong>95.</strong></span> 
     </span>
     <span class='ocr_line' id='line_1_20' title="bbox 234 1838 1982 1895; baseline -0.001 -9"><span class='ocrx_word' id='word_1_163' title='bbox 234 1842 349 1886; x_wconf 90' lang='lat' dir='ltr'><strong>Nam</strong></span> <span class='ocrx_word' id='word_1_164' title='bbox 379 1847 458 1885; x_wconf 90' lang='lat' dir='ltr'><strong>tua</strong></span> <span class='ocrx_word' id='word_1_165' title='bbox 486 1854 557 1884; x_wconf 90' lang='lat' dir='ltr'><strong>res</strong></span> <span class='ocrx_word' id='word_1_166' title='bbox 588 1841 744 1895; x_wconf 85' lang='lat' dir='ltr'><strong>agitur,</strong></span> <span class='ocrx_word' id='word_1_167' title='bbox 775 1839 924 1895; x_wconf 85' lang='lat' dir='ltr'><strong>paries</strong></span> <span class='ocrx_word' id='word_1_168' title='bbox 956 1852 1089 1894; x_wconf 90' lang='lat' dir='ltr'><strong>quum</strong></span> <span class='ocrx_word' id='word_1_169' title='bbox 1119 1838 1347 1894; x_wconf 85' lang='lat' dir='ltr'><strong>proximus</strong></span> <span class='ocrx_word' id='word_1_170' title='bbox 1379 1839 1517 1895; x_wconf 84' lang='lat' dir='ltr'><strong>ardet,</strong></span> <span class='ocrx_word' id='word_1_171' title='bbox 1576 1852 1659 1884; x_wconf 80' lang='lat' dir='ltr'><strong>Hor:</strong></span> <span class='ocrx_word' id='word_1_172' title='bbox 1680 1852 1787 1892; x_wconf 80' lang='lat' dir='ltr'><strong>Epist.</strong></span> <span class='ocrx_word' id='word_1_173' title='bbox 1817 1854 1911 1886; x_wconf 87' lang='lat'><strong>1.18.</strong></span> <span class='ocrx_word' id='word_1_174' title='bbox 1933 1855 1982 1886; x_wconf 85' lang='lat'><strong>84.</strong></span> 
     </span>
     <span class='ocr_line' id='line_1_21' title="bbox 236 1916 1296 1975; baseline -0.004 -11"><span class='ocrx_word' id='word_1_175' title='bbox 236 1926 280 1964; x_wconf 92' lang='lat' dir='ltr'><strong>et</strong></span> <span class='ocrx_word' id='word_1_176' title='bbox 310 1920 514 1975; x_wconf 85' lang='lat' dir='ltr'><strong>neglecta</strong></span> <span class='ocrx_word' id='word_1_177' title='bbox 545 1919 689 1962; x_wconf 91' lang='lat' dir='ltr'><strong>solent</strong></span> <span class='ocrx_word' id='word_1_178' title='bbox 719 1917 927 1961; x_wconf 86' lang='lat' dir='ltr'><strong>incendia</strong></span> <span class='ocrx_word' id='word_1_179' title='bbox 958 1929 1132 1961; x_wconf 89' lang='lat' dir='ltr'><strong>sumere</strong></span> <span class='ocrx_word' id='word_1_180' title='bbox 1163 1916 1296 1960; x_wconf 88' lang='lat' dir='ltr'><strong>vires.</strong></span> 
     </span>
    </p>
   </div>
   <div class='ocr_carea' id='block_1_4' title="bbox 120 2008 1985 2553">
    <p class='ocr_par' dir='ltr' id='par_1_13' title="bbox 120 2008 1985 2553">
     <span class='ocr_line' id='line_1_22' title="bbox 120 2008 1928 2064; baseline -0.001 -8"><span class='ocrx_word' id='word_1_181' title='bbox 120 2015 203 2056; x_wconf 85' lang='lat'><strong>595</strong></span> <span class='ocrx_word' id='word_1_182' title='bbox 234 2011 350 2056; x_wconf 84' lang='lat' dir='ltr'><strong>Nam</strong></span> <span class='ocrx_word' id='word_1_183' title='bbox 380 2011 500 2055; x_wconf 85' lang='lat' dir='ltr'><strong>vitiis</strong></span> <span class='ocrx_word' id='word_1_184' title='bbox 531 2024 660 2055; x_wconf 90' lang='lat' dir='ltr'><strong>nemo</strong></span> <span class='ocrx_word' id='word_1_185' title='bbox 692 2011 787 2054; x_wconf 91' lang='lat' dir='ltr'><strong>sine</strong></span> <span class='ocrx_word' id='word_1_186' title='bbox 817 2009 1034 2063; x_wconf 67' lang='lat' dir='ltr'><strong>nascitur,</strong></span> <span class='ocrx_word' id='word_1_187' title='bbox 1067 2008 1258 2064; x_wconf 89' lang='lat' dir='ltr'><strong>optimus</strong></span> <span class='ocrx_word' id='word_1_188' title='bbox 1289 2008 1365 2052; x_wconf 92' lang='lat' dir='ltr'><strong>ille</strong></span> <span class='ocrx_word' id='word_1_189' title='bbox 1398 2015 1466 2053; x_wconf 91' lang='lat' dir='ltr'><strong>est</strong></span> <span class='ocrx_word' id='word_1_190' title='bbox 1572 2022 1653 2054; x_wconf 80' lang='lat' dir='ltr'><strong>nor.</strong></span> <span class='ocrx_word' id='word_1_191' title='bbox 1678 2022 1747 2054; x_wconf 78' lang='lat' dir='ltr'><strong>Sat.</strong></span> <span class='ocrx_word' id='word_1_192' title='bbox 1771 2024 1797 2055; x_wconf 91' lang='lat'><strong>1.</strong></span> <span class='ocrx_word' id='word_1_193' title='bbox 1821 2023 1851 2054; x_wconf 83' lang='lat'><strong>3.</strong></span> <span class='ocrx_word' id='word_1_194' title='bbox 1874 2023 1928 2055; x_wconf 81' lang='lat'><strong>63.</strong></span> 
     </span>
     <span class='ocr_line' id='line_1_23' title="bbox 235 2089 761 2144; baseline -0.004 -12"><span class='ocrx_word' id='word_1_195' title='bbox 235 2090 312 2144; x_wconf 92' lang='lat' dir='ltr'><strong>qui</strong></span> <span class='ocrx_word' id='word_1_196' title='bbox 343 2089 538 2132; x_wconf 86' lang='lat' dir='ltr'><strong>minimis</strong></span> <span class='ocrx_word' id='word_1_197' title='bbox 568 2093 761 2144; x_wconf 87' lang='lat' dir='ltr'><strong>urgetur.</strong></span> 
     </span>
     <span class='ocr_line' id='line_1_24' title="bbox 237 2171 1902 2228; baseline -0.001 -10"><span class='ocrx_word' id='word_1_198' title='bbox 237 2208 246 2218; x_wconf 92' lang='lat'><strong>.</strong></span> <span class='ocrx_word' id='word_1_199' title='bbox 266 2208 274 2218; x_wconf 92' lang='lat'><strong>.</strong></span> <span class='ocrx_word' id='word_1_200' title='bbox 294 2208 303 2218; x_wconf 93' lang='lat'><strong>.</strong></span> <span class='ocrx_word' id='word_1_201' title='bbox 321 2174 442 2218; x_wconf 85' lang='lat' dir='ltr'><strong>Naso</strong></span> <span class='ocrx_word' id='word_1_202' title='bbox 475 2172 709 2228; x_wconf 85' lang='lat' dir='ltr'><strong>suspendis</strong></span> <span class='ocrx_word' id='word_1_203' title='bbox 741 2171 912 2216; x_wconf 88' lang='lat' dir='ltr'><strong>adunco</strong></span> <span class='ocrx_word' id='word_1_204' title='bbox 944 2171 1138 2226; x_wconf 84' lang='lat' dir='ltr'><strong>Ignotos.</strong></span> <span class='ocrx_word' id='word_1_205' title='bbox 1566 2184 1649 2216; x_wconf 79' lang='lat' dir='ltr'><strong>nor.</strong></span> <span class='ocrx_word' id='word_1_206' title='bbox 1674 2184 1744 2216; x_wconf 76' lang='lat' dir='ltr'><strong>sat.</strong></span> <span class='ocrx_word' id='word_1_207' title='bbox 1767 2186 1793 2217; x_wconf 91' lang='lat'><strong>1.</strong></span> <span class='ocrx_word' id='word_1_208' title='bbox 1818 2186 1848 2217; x_wconf 88' lang='lat'><strong>6.</strong></span> <span class='ocrx_word' id='word_1_209' title='bbox 1872 2187 1902 2218; x_wconf 78' lang='lat'><strong>5.</strong></span> 
     </span>
     <span class='ocr_line' id='line_1_25' title="bbox 236 2250 1912 2304; baseline 0 -8"><span class='ocrx_word' id='word_1_210' title='bbox 236 2252 486 2296; x_wconf 89' lang='lat' dir='ltr'><strong>...Natum</strong></span> <span class='ocrx_word' id='word_1_211' title='bbox 517 2252 562 2295; x_wconf 89' lang='lat' dir='ltr'><strong>in</strong></span> <span class='ocrx_word' id='word_1_212' title='bbox 594 2265 723 2295; x_wconf 86' lang='lat' dir='ltr'><strong>curas</strong></span> <span class='ocrx_word' id='word_1_213' title='bbox 754 2250 983 2294; x_wconf 91' lang='lat' dir='ltr'><strong>hominum</strong></span> <span class='ocrx_word' id='word_1_214' title='bbox 1013 2262 1163 2304; x_wconf 86' lang='lat' dir='ltr'><strong>genus.</strong></span> <span class='ocrx_word' id='word_1_215' title='bbox 1573 2262 1649 2294; x_wconf 85' lang='lat' dir='ltr'><strong>Tib.</strong></span> <span class='ocrx_word' id='word_1_216' title='bbox 1672 2262 1723 2295; x_wconf 79' lang='lat' dir='ltr'><strong>El.</strong></span> <span class='ocrx_word' id='word_1_217' title='bbox 1745 2264 1805 2296; x_wconf 90' lang='lat' dir='ltr'><strong>m.</strong></span> <span class='ocrx_word' id='word_1_218' title='bbox 1827 2264 1858 2296; x_wconf 75' lang='lat'><strong>4.</strong></span> <span class='ocrx_word' id='word_1_219' title='bbox 1881 2265 1912 2296; x_wconf 91' lang='grc'><strong>9.</strong></span> 
     </span>
     <span class='ocr_line' id='line_1_26' title="bbox 233 2328 1953 2384; baseline 0 -10"><span class='ocrx_word' id='word_1_220' title='bbox 233 2330 431 2374; x_wconf 86' lang='lat' dir='ltr'><strong>Naturae</strong></span> <span class='ocrx_word' id='word_1_221' title='bbox 463 2330 662 2384; x_wconf 87' lang='lat' dir='ltr'><strong>sequitur</strong></span> <span class='ocrx_word' id='word_1_222' title='bbox 693 2329 863 2372; x_wconf 87' lang='lat' dir='ltr'><strong>semina</strong></span> <span class='ocrx_word' id='word_1_223' title='bbox 893 2328 1078 2383; x_wconf 89' lang='lat' dir='ltr'><strong>quisque</strong></span> <span class='ocrx_word' id='word_1_224' title='bbox 1110 2340 1235 2372; x_wconf 85' lang='lat' dir='ltr'><strong>suae.</strong></span> <span class='ocrx_word' id='word_1_225' title='bbox 1570 2340 1879 2380; x_wconf 76' lang='lat' dir='ltr'><strong>Prop.1·11.1v.9.</strong></span> <span class='ocrx_word' id='word_1_226' title='bbox 1903 2343 1953 2374; x_wconf 86' lang='lat'><strong>20.</strong></span> 
     </span>
     <span class='ocr_line' id='line_1_27' title="bbox 234 2405 1984 2462; baseline 0.002 -11"><span class='ocrx_word' id='word_1_227' title='bbox 234 2408 451 2452; x_wconf 82' lang='lat' dir='ltr'><strong>Naturam</strong></span> <span class='ocrx_word' id='word_1_228' title='bbox 483 2407 681 2462; x_wconf 86' lang='lat' dir='ltr'><strong>expellas</strong></span> <span class='ocrx_word' id='word_1_229' title='bbox 712 2405 849 2460; x_wconf 87' lang='lat' dir='ltr'><strong>furca,</strong></span> <span class='ocrx_word' id='word_1_230' title='bbox 880 2411 1030 2449; x_wconf 88' lang='lat' dir='ltr'><strong>tamen</strong></span> <span class='ocrx_word' id='word_1_231' title='bbox 1060 2418 1198 2460; x_wconf 86' lang='lat' dir='ltr'><strong>usque</strong></span> <span class='ocrx_word' id='word_1_232' title='bbox 1229 2410 1442 2448; x_wconf 86' lang='lat' dir='ltr'><strong>recurret.</strong></span> <span class='ocrx_word' id='word_1_233' title='bbox 1572 2418 1654 2450; x_wconf 80' lang='lat' dir='ltr'><strong>nor.</strong></span> <span class='ocrx_word' id='word_1_234' title='bbox 1678 2419 1787 2459; x_wconf 80' lang='lat' dir='ltr'><strong>Epist.</strong></span> <span class='ocrx_word' id='word_1_235' title='bbox 1810 2420 1836 2452; x_wconf 86' lang='lat'><strong>1.</strong></span> <span class='ocrx_word' id='word_1_236' title='bbox 1860 2420 1909 2451; x_wconf 88' lang='lat'><strong>10.</strong></span> <span class='ocrx_word' id='word_1_237' title='bbox 1932 2420 1984 2455; x_wconf 81' lang='lat'><strong>24.</strong></span> 
     </span>
     <span class='ocr_line' id='line_1_28' title="bbox 122 2497 1985 2553; baseline -0.001 -11"><span class='ocrx_word' id='word_1_238' title='bbox 122 2502 206 2544; x_wconf 85' lang='lat'><strong>600</strong></span> <span class='ocrx_word' id='word_1_239' title='bbox 237 2535 246 2544; x_wconf 88' lang='lat'><strong>.</strong></span> <span class='ocrx_word' id='word_1_240' title='bbox 271 2535 280 2544; x_wconf 92' lang='lat'><strong>.</strong></span> <span class='ocrx_word' id='word_1_241' title='bbox 300 2535 309 2544; x_wconf 95' lang='lat'><strong>.</strong></span> <span class='ocrx_word' id='word_1_242' title='bbox 326 2499 543 2543; x_wconf 86' lang='lat' dir='ltr'><strong>Naturam</strong></span> <span class='ocrx_word' id='word_1_243' title='bbox 576 2504 747 2542; x_wconf 85' lang='lat' dir='ltr'><strong>mutare</strong></span> <span class='ocrx_word' id='word_1_244' title='bbox 778 2498 968 2553; x_wconf 86' lang='lat' dir='ltr'><strong>pecunia</strong></span> <span class='ocrx_word' id='word_1_245' title='bbox 998 2497 1153 2541; x_wconf 85' lang='lat' dir='ltr'><strong>nescit.</strong></span> <span class='ocrx_word' id='word_1_246' title='bbox 1571 2510 1654 2544; x_wconf 77' lang='lat' dir='ltr'><strong>Hor.</strong></span> <span class='ocrx_word' id='word_1_247' title='bbox 1678 2510 1785 2550; x_wconf 72' lang='lat' dir='ltr'><strong>Epist.</strong></span> <span class='ocrx_word' id='word_1_248' title='bbox 1808 2511 1834 2545; x_wconf 92' lang='lat'><strong>1.</strong></span> <span class='ocrx_word' id='word_1_249' title='bbox 1859 2510 1909 2542; x_wconf 95' lang='lat'><strong>12.</strong></span> <span class='ocrx_word' id='word_1_250' title='bbox 1934 2511 1985 2542; x_wconf 82' lang='grc' dir='ltr'><strong>ιο.</strong></span> 
     </span>
    </p>
   </div>
   <div class='ocr_carea' id='block_1_5' title="bbox 235 2574 1281 2632">
    <p class='ocr_par' dir='ltr' id='par_1_14' title="bbox 235 2574 1281 2632">
     <span class='ocr_line' id='line_1_29' title="bbox 235 2574 1281 2632; baseline -0.005 -10"><span class='ocrx_word' id='word_1_251' title='bbox 235 2611 245 2622; x_wconf 88' lang='grc'><strong>.</strong></span> <span class='ocrx_word' id='word_1_252' title='bbox 265 2612 275 2622; x_wconf 94' lang='grc'><strong>.</strong></span> <span class='ocrx_word' id='word_1_253' title='bbox 294 2612 303 2621; x_wconf 91' lang='grc'><strong>.</strong></span> <span class='ocrx_word' id='word_1_254' title='bbox 320 2578 520 2621; x_wconf 87' lang='lat' dir='ltr'><strong>Navibus</strong></span> <span class='ocrx_word' id='word_1_255' title='bbox 542 2582 674 2632; x_wconf 85' lang='lat' dir='ltr'><strong>atque</strong></span> <span class='ocrx_word' id='word_1_256' title='bbox 696 2575 933 2631; x_wconf 81' lang='lat' dir='ltr'><strong>Quadrigis</strong></span> <span class='ocrx_word' id='word_1_257' title='bbox 965 2576 1046 2618; x_wconf 77' lang='lat' dir='ltr'><strong>vid.</strong></span> <span class='ocrx_word' id='word_1_258' title='bbox 1079 2574 1281 2618; x_wconf 88' lang='lat' dir='ltr'><strong>Strenua.</strong></span> 
     </span>
    </p>
   </div>
   <div class='ocr_carea' id='block_1_6' title="bbox 234 2665 1959 2802">
    <p class='ocr_par' dir='ltr' id='par_1_15' title="bbox 234 2665 1959 2802">
     <span class='ocr_line' id='line_1_30' title="bbox 234 2665 1959 2725; baseline -0.001 -12"><span class='ocrx_word' id='word_1_259' title='bbox 234 2669 424 2725; x_wconf 85' lang='lat' dir='ltr'><strong>Naviget</strong></span> <span class='ocrx_word' id='word_1_260' title='bbox 453 2670 731 2725; x_wconf 87' lang='lat' dir='ltr'><strong>Anticyram:</strong></span> <span class='ocrx_word' id='word_1_261' title='bbox 765 2668 870 2723; x_wconf 86' lang='lat' dir='ltr'><strong>quid</strong></span> <span class='ocrx_word' id='word_1_262' title='bbox 901 2667 1018 2711; x_wconf 92' lang='lat' dir='ltr'><strong>enim</strong></span> <span class='ocrx_word' id='word_1_263' title='bbox 1050 2665 1212 2720; x_wconf 86' lang='lat' dir='ltr'><strong>differt,</strong></span> <span class='ocrx_word' id='word_1_264' title='bbox 1244 2665 1466 2709; x_wconf 85' lang='lat' dir='ltr'><strong>balatroni</strong></span> <span class='ocrx_word' id='word_1_265' title='bbox 1571 2679 1653 2711; x_wconf 77' lang='lat' dir='ltr'><strong>nor.</strong></span> <span class='ocrx_word' id='word_1_266' title='bbox 1677 2679 1746 2711; x_wconf 81' lang='lat' dir='ltr'><strong>sat.</strong></span> <span class='ocrx_word' id='word_1_267' title='bbox 1769 2680 1811 2712; x_wconf 90' lang='lat'><strong>11.</strong></span> <span class='ocrx_word' id='word_1_268' title='bbox 1834 2678 1863 2710; x_wconf 82' lang='lat'><strong>3.</strong></span> <span class='ocrx_word' id='word_1_269' title='bbox 1888 2680 1959 2711; x_wconf 87' lang='lat'><strong>166.</strong></span> 
     </span>
     <span class='ocr_line' id='line_1_31' title="bbox 320 2743 1569 2802; baseline -0.004 -11"><span class='ocrx_word' id='word_1_270' title='bbox 320 2745 457 2791; x_wconf 89' lang='lat' dir='ltr'><strong>dones</strong></span> <span class='ocrx_word' id='word_1_271' title='bbox 479 2746 695 2802; x_wconf 87' lang='lat' dir='ltr'><strong>quidquid</strong></span> <span class='ocrx_word' id='word_1_272' title='bbox 717 2746 869 2801; x_wconf 85' lang='lat' dir='ltr'><strong>habes,</strong></span> <span class='ocrx_word' id='word_1_273' title='bbox 891 2758 948 2788; x_wconf 89' lang='lat' dir='ltr'><strong>an</strong></span> <span class='ocrx_word' id='word_1_274' title='bbox 969 2757 1193 2799; x_wconf 89' lang='lat' dir='ltr'><strong>nunquam</strong></span> <span class='ocrx_word' id='word_1_275' title='bbox 1215 2748 1341 2786; x_wconf 82' lang='lat' dir='ltr'><strong>utare</strong></span> <span class='ocrx_word' id='word_1_276' title='bbox 1363 2743 1533 2798; x_wconf 84' lang='lat' dir='ltr'><strong>paratis</strong></span> <span class='ocrx_word' id='word_1_277' title='bbox 1547 2743 1569 2787; x_wconf 70' lang='grc' dir='ltr'><strong><em>Ῥ</em></strong></span> 
     </span>
    </p>
   </div>
   <div class='ocr_carea' id='block_1_7' title="bbox 233 2823 1972 3035">
    <p class='ocr_par' dir='ltr' id='par_1_16' title="bbox 233 2823 1972 3035">
     <span class='ocr_line' id='line_1_32' title="bbox 235 2823 1927 2879; baseline -0.001 -11"><span class='ocrx_word' id='word_1_278' title='bbox 235 2825 397 2868; x_wconf 90' lang='lat' dir='ltr'><strong>Navita</strong></span> <span class='ocrx_word' id='word_1_279' title='bbox 427 2824 481 2868; x_wconf 89' lang='lat' dir='ltr'><strong>de</strong></span> <span class='ocrx_word' id='word_1_280' title='bbox 512 2825 668 2879; x_wconf 85' lang='lat' dir='ltr'><strong>ventis,</strong></span> <span class='ocrx_word' id='word_1_281' title='bbox 701 2823 755 2867; x_wconf 85' lang='lat' dir='ltr'><strong>de</strong></span> <span class='ocrx_word' id='word_1_282' title='bbox 785 2823 926 2867; x_wconf 82' lang='lat' dir='ltr'><strong>tauris</strong></span> <span class='ocrx_word' id='word_1_283' title='bbox 957 2827 1109 2865; x_wconf 85' lang='lat' dir='ltr'><strong>narrat</strong></span> <span class='ocrx_word' id='word_1_284' title='bbox 1139 2826 1301 2875; x_wconf 85' lang='lat' dir='ltr'><strong>arator,</strong></span> <span class='ocrx_word' id='word_1_285' title='bbox 1567 2835 1667 2874; x_wconf 73' lang='lat' dir='ltr'><strong>prop.</strong></span> <span class='ocrx_word' id='word_1_286' title='bbox 1691 2834 1742 2866; x_wconf 71' lang='lat'><strong>131.</strong></span> <span class='ocrx_word' id='word_1_287' title='bbox 1765 2835 1805 2867; x_wconf 90' lang='lat'><strong>11.</strong></span> <span class='ocrx_word' id='word_1_288' title='bbox 1829 2837 1854 2870; x_wconf 84' lang='lat'><strong>1.</strong></span> <span class='ocrx_word' id='word_1_289' title='bbox 1877 2835 1927 2867; x_wconf 63' lang='lat'><strong>43.</strong></span> 
     </span>
     <span class='ocr_line' id='line_1_33' title="bbox 319 2901 1270 2955; baseline -0.003 -9"><span class='ocrx_word' id='word_1_290' title='bbox 319 2907 551 2946; x_wconf 85' lang='lat' dir='ltr'><strong>enumerat</strong></span> <span class='ocrx_word' id='word_1_291' title='bbox 581 2902 709 2945; x_wconf 87' lang='lat' dir='ltr'><strong>miles</strong></span> <span class='ocrx_word' id='word_1_292' title='bbox 741 2901 937 2955; x_wconf 84' lang='lat' dir='ltr'><strong>vulnera,</strong></span> <span class='ocrx_word' id='word_1_293' title='bbox 969 2906 1123 2955; x_wconf 90' lang='lat' dir='ltr'><strong>pastor</strong></span> <span class='ocrx_word' id='word_1_294' title='bbox 1153 2913 1270 2943; x_wconf 89' lang='lat' dir='ltr'><strong>oves.</strong></span> 
     </span>
     <span class='ocr_line' id='line_1_34' title="bbox 233 2978 1972 3035; baseline -0.001 -12"><span class='ocrx_word' id='word_1_295' title='bbox 233 2979 328 3023; x_wconf 90' lang='lat' dir='ltr'><strong>Nec</strong></span> <span class='ocrx_word' id='word_1_296' title='bbox 359 2980 447 3024; x_wconf 89' lang='lat' dir='ltr'><strong>cito</strong></span> <span class='ocrx_word' id='word_1_297' title='bbox 479 2980 659 3035; x_wconf 83' lang='lat' dir='ltr'><strong>desisto,</strong></span> <span class='ocrx_word' id='word_1_298' title='bbox 691 2993 772 3023; x_wconf 88' lang='lat' dir='ltr'><strong>nec</strong></span> <span class='ocrx_word' id='word_1_299' title='bbox 802 2985 970 3022; x_wconf 87' lang='lat' dir='ltr'><strong>temere</strong></span> <span class='ocrx_word' id='word_1_300' title='bbox 1001 2978 1179 3033; x_wconf 88' lang='lat' dir='ltr'><strong>incipio.</strong></span> <span class='ocrx_word' id='word_1_301' title='bbox 1565 2990 1740 3029; x_wconf 80' lang='lat' dir='ltr'><strong>Prop·1‹:1.</strong></span> <span class='ocrx_word' id='word_1_302' title='bbox 1764 2991 1823 3026; x_wconf 91' lang='lat'><strong>111.</strong></span> <span class='ocrx_word' id='word_1_303' title='bbox 1846 2991 1897 3022; x_wconf 88' lang='lat'><strong>20.</strong></span> <span class='ocrx_word' id='word_1_304' title='bbox 1921 2991 1972 3022; x_wconf 80' lang='lat'><strong>36.</strong></span> 
     </span>
    </p>
   </div>
   <div class='ocr_carea' id='block_1_8' title="bbox 234 3055 1977 3190">
    <p class='ocr_par' dir='ltr' id='par_1_17' title="bbox 234 3055 1977 3190">
     <span class='ocr_line' id='line_1_35' title="bbox 234 3055 1977 3111; baseline -0.001 -10"><span class='ocrx_word' id='word_1_305' title='bbox 234 3057 327 3101; x_wconf 79' lang='lat' dir='ltr'><strong>Nec</strong></span> <span class='ocrx_word' id='word_1_306' title='bbox 340 3057 482 3101; x_wconf 86' lang='lat' dir='ltr'><strong>forma</strong></span> <span class='ocrx_word' id='word_1_307' title='bbox 492 3062 718 3101; x_wconf 86' lang='lat' dir='ltr'><strong>aeternum</strong></span> <span class='ocrx_word' id='word_1_308' title='bbox 730 3061 806 3100; x_wconf 87' lang='lat' dir='ltr'><strong>aut</strong></span> <span class='ocrx_word' id='word_1_309' title='bbox 824 3057 1028 3111; x_wconf 86' lang='lat' dir='ltr'><strong>cuiquam</strong></span> <span class='ocrx_word' id='word_1_310' title='bbox 1049 3060 1117 3099; x_wconf 87' lang='lat' dir='ltr'><strong>est</strong></span> <span class='ocrx_word' id='word_1_311' title='bbox 1135 3055 1314 3098; x_wconf 85' lang='lat' dir='ltr'><strong>fortuna</strong></span> <span class='ocrx_word' id='word_1_312' title='bbox 1331 3055 1671 3110; x_wconf 66' lang='lat' dir='ltr'><strong>perennisxpwp.</strong></span> <span class='ocrx_word' id='word_1_313' title='bbox 1696 3068 1747 3100; x_wconf 83' lang='grc' dir='ltr'><strong>Ει.</strong></span> <span class='ocrx_word' id='word_1_314' title='bbox 1771 3068 1828 3100; x_wconf 85' lang='lat'><strong>111.</strong></span> <span class='ocrx_word' id='word_1_315' title='bbox 1852 3068 1903 3099; x_wconf 84' lang='lat'><strong>28.</strong></span> <span class='ocrx_word' id='word_1_316' title='bbox 1927 3069 1977 3100; x_wconf 80' lang='lat'><strong>57.</strong></span> 
     </span>
     <span class='ocr_line' id='line_1_36' title="bbox 319 3134 1511 3190; baseline -0.003 -12"><span class='ocrx_word' id='word_1_317' title='bbox 319 3134 492 3190; x_wconf 83' lang='lat' dir='ltr'><strong>longius</strong></span> <span class='ocrx_word' id='word_1_318' title='bbox 524 3141 600 3178; x_wconf 86' lang='lat' dir='ltr'><strong>aut</strong></span> <span class='ocrx_word' id='word_1_319' title='bbox 630 3135 812 3190; x_wconf 84' lang='lat' dir='ltr'><strong>propius</strong></span> <span class='ocrx_word' id='word_1_320' title='bbox 843 3147 960 3177; x_wconf 89' lang='lat' dir='ltr'><strong>mors</strong></span> <span class='ocrx_word' id='word_1_321' title='bbox 992 3146 1074 3177; x_wconf 87' lang='lat' dir='ltr'><strong>sua</strong></span> <span class='ocrx_word' id='word_1_322' title='bbox 1103 3146 1320 3188; x_wconf 89' lang='lat' dir='ltr'><strong>quemque</strong></span> <span class='ocrx_word' id='word_1_323' title='bbox 1349 3139 1511 3176; x_wconf 88' lang='lat' dir='ltr'><strong>manet.</strong></span> 
     </span>
    </p>
   </div>
   <div class='ocr_carea' id='block_1_9' title="bbox 121 3224 1921 3282">
    <p class='ocr_par' dir='ltr' id='par_1_18' title="bbox 121 3224 1921 3282">
     <span class='ocr_line' id='line_1_37' title="bbox 121 3224 1921 3282; baseline 0.001 -14"><span class='ocrx_word' id='word_1_324' title='bbox 121 3228 203 3269; x_wconf 80' lang='lat'><strong>605</strong></span> <span class='ocrx_word' id='word_1_325' title='bbox 235 3226 330 3270; x_wconf 87' lang='lat' dir='ltr'><strong>Nec</strong></span> <span class='ocrx_word' id='word_1_326' title='bbox 361 3227 470 3270; x_wconf 90' lang='lat' dir='ltr'><strong>mihi</strong></span> <span class='ocrx_word' id='word_1_327' title='bbox 502 3240 619 3270; x_wconf 88' lang='lat' dir='ltr'><strong>mors</strong></span> <span class='ocrx_word' id='word_1_328' title='bbox 651 3227 796 3282; x_wconf 84' lang='lat' dir='ltr'><strong>gravis</strong></span> <span class='ocrx_word' id='word_1_329' title='bbox 828 3232 895 3270; x_wconf 83' lang='lat' dir='ltr'><strong>est</strong></span> <span class='ocrx_word' id='word_1_330' title='bbox 926 3226 1125 3281; x_wconf 84' lang='lat' dir='ltr'><strong>posituro</strong></span> <span class='ocrx_word' id='word_1_331' title='bbox 1156 3229 1296 3269; x_wconf 82' lang='lat' dir='ltr'><strong>morte</strong></span> <span class='ocrx_word' id='word_1_332' title='bbox 1328 3224 1515 3268; x_wconf 86' lang='lat' dir='ltr'><strong>dolores.</strong></span> <span class='ocrx_word' id='word_1_333' title='bbox 1567 3236 1666 3268; x_wconf 69' lang='lat' dir='ltr'><strong>ovid.</strong></span> <span class='ocrx_word' id='word_1_334' title='bbox 1690 3236 1771 3269; x_wconf 81' lang='lat' dir='ltr'><strong>Met.</strong></span> <span class='ocrx_word' id='word_1_335' title='bbox 1794 3237 1823 3268; x_wconf 85' lang='lat'><strong>3.</strong></span> <span class='ocrx_word' id='word_1_336' title='bbox 1845 3237 1921 3269; x_wconf 74' lang='lat'><strong>471.</strong></span> 
     </span>
    </p>
   </div>
   <div class='ocr_carea' id='block_1_10' title="bbox 234 3303 1991 3436">
    <p class='ocr_par' dir='ltr' id='par_1_19' title="bbox 234 3303 1991 3436">
     <span class='ocr_line' id='line_1_38' title="bbox 234 3303 1991 3359; baseline 0.002 -13"><span class='ocrx_word' id='word_1_337' title='bbox 234 3303 326 3347; x_wconf 83' lang='lat' dir='ltr'><strong>Nec</strong></span> <span class='ocrx_word' id='word_1_338' title='bbox 358 3318 476 3348; x_wconf 87' lang='lat' dir='ltr'><strong>mors</strong></span> <span class='ocrx_word' id='word_1_339' title='bbox 508 3305 700 3347; x_wconf 85' lang='lat' dir='ltr'><strong>humano</strong></span> <span class='ocrx_word' id='word_1_340' title='bbox 732 3304 931 3359; x_wconf 86' lang='lat' dir='ltr'><strong>subjacet</strong></span> <span class='ocrx_word' id='word_1_341' title='bbox 961 3304 1160 3347; x_wconf 87' lang='lat' dir='ltr'><strong>arbitrio.</strong></span> <span class='ocrx_word' id='word_1_342' title='bbox 1569 3313 1908 3355; x_wconf 75' lang='lat' dir='ltr'><strong>Max.(oan.)1·:1.1.</strong></span> <span class='ocrx_word' id='word_1_343' title='bbox 1927 3316 1991 3350; x_wconf 74' lang='lat'><strong>114.</strong></span> 
     </span>
     <span class='ocr_line' id='line_1_39' title="bbox 234 3380 1215 3436; baseline -0.003 -10"><span class='ocrx_word' id='word_1_344' title='bbox 234 3381 327 3426; x_wconf 88' lang='lat' dir='ltr'><strong>Nec</strong></span> <span class='ocrx_word' id='word_1_345' title='bbox 358 3382 481 3425; x_wconf 88' lang='lat' dir='ltr'><strong>nasci</strong></span> <span class='ocrx_word' id='word_1_346' title='bbox 514 3382 583 3426; x_wconf 88' lang='lat' dir='ltr'><strong>bis</strong></span> <span class='ocrx_word' id='word_1_347' title='bbox 614 3394 745 3436; x_wconf 87' lang='lat' dir='ltr'><strong>posse</strong></span> <span class='ocrx_word' id='word_1_348' title='bbox 776 3380 906 3426; x_wconf 87' lang='lat' dir='ltr'><strong>datur</strong></span> <span class='ocrx_word' id='word_1_349' title='bbox 938 3382 1018 3424; x_wconf 80' lang='lat' dir='ltr'><strong>vid.</strong></span> <span class='ocrx_word' id='word_1_350' title='bbox 1051 3380 1215 3424; x_wconf 68' lang='lat' dir='ltr'><strong>Currit:</strong></span> 
     </span>
    </p>
   </div>
  </div>
 </body>
</html>
