2164 3666
329 295 496 351 Sperne
526 296 788 352 voluptates,
819 302 948 340 nocet
978 303 1096 340 emta
1126 297 1276 340 dolore
1307 296 1521 351 voluptas.
1622 310 1705 343 Hor.
1729 310 1835 349 Epist.
1859 311 1888 344 1.
1912 312 1942 342 2.
1966 311 2019 342 55.

328 372 585 428 Spernimus
614 373 661 415 in
691 386 920 417 commune
950 387 1102 417 omnes
1132 374 1396 429 praesentia.
1440 375 1444 377 ’
1616 387 1695 420 Aua
1718 388 1767 419 Id.
1791 388 1839 418 15.
1864 388 1914 419 18.

329 483 339 493 .
357 483 366 493 .
385 483 395 493 .
413 448 524 505 Spes
554 449 687 493 etiam
720 451 799 492 vid.
832 449 1022 494 Credula
1051 451 1198 494 vitam.

328 526 438 582 Spes
458 531 579 570 tenet
599 526 644 568 in
664 532 851 582 tempus,
882 527 1017 570 semel
1052 532 1119 570 est
1150 526 1186 570 si
1217 527 1398 581 credita,
1430 527 2047 582 longum.0v1‹1.Art.Am.1.445.

187 604 295 647 1065
326 603 436 658 Spes
465 603 540 646 uni
571 616 794 658 nunquam
822 604 968 659 potuit
997 603 1102 647 dare
1133 604 1268 647 verba
1297 603 1466 647 Catoni.
1614 617 1722 648 ...BL
1745 618 1786 649 de
1809 619 1884 657 spe„
1906 619 1957 650 41.

325 679 435 736 Spes
465 680 579 724 vitae
610 693 708 723 cum
739 681 830 724 sole
869 680 995 724 redit.
1615 694 1694 725 συν.
1718 694 1788 728 sat.
1813 695 1861 726 12.
1886 695 1935 726 70.

325 756 452 800 Stare
481 764 631 812 putes,
662 757 773 801 adeo
805 757 1047 813 procedunt
1080 763 1280 814 tempora
1309 757 1447 802 tarde.
1620 770 1719 804 Ovm.
1744 771 1844 803 Trist.
1869 772 1909 803 v.
1933 773 1984 806 10.
2012 774 2041 804 5.

323 831 420 877 Stat
440 832 599 878 dubius
629 835 928 890 tremulusque
950 847 1085 880 senex
1107 849 1369 891 semperque
1390 836 1603 879 malorum
1621 848 1713 881 Max.
1727 847 1903 887 (Gau.)1·:1.
1920 850 1948 880 1.
1971 849 2045 881 185.

410 909 615 955 credulus
647 918 690 955 et
721 912 882 956 stultus
917 926 1028 968 quae
1059 912 1165 955 facit
1195 913 1290 968 ipse
1320 913 1459 956 timet.

326 986 424 1032 Stat
453 1001 533 1032 sua
552 988 707 1044 cuique
729 989 846 1044 dies;
869 990 1000 1033 breve
1033 996 1077 1033 et
1107 990 1394 1045 irreparabile
1425 995 1599 1046 tempus
1619 1002 1720 1042 Verg.
1743 1002 1830 1035 Aen.
1856 1003 1904 1033 ιο.
1926 1003 1999 1034 467.

324 1065 526 1108 omnibus
557 1071 625 1109 est
654 1065 789 1120 vitae3
822 1066 898 1110 sed
930 1066 1091 1110 famam
1123 1066 1359 1111 extendere
1390 1066 1520 1110 sactis

322 1140 407 1186 hoc
436 1141 610 1186 virtutis
642 1156 765 1198 opus.

186 1218 295 1263 1070
324 1218 579 1274 strangulat
608 1219 804 1264 inclusus
835 1220 961 1264 dolor
995 1227 1127 1276 atque
1158 1227 1388 1265 exaestuat
1418 1222 1548 1265 intus.
1622 1233 1722 1266 Ovid.
1747 1234 1847 1266 ‘rx-ist.
1861 1235 1902 1266 v.
1918 1235 1946 1267 1.
1962 1235 2014 1267 83.

323 1295 512 1340 Strenua
539 1310 620 1340 nos
651 1303 826 1341 exercet
856 1298 1039 1353 inertia,
1075 1298 1259 1342 navibus
1290 1304 1419 1353 atque
1620 1311 1701 1343 nor.
1724 1311 1830 1351 Epist.
1855 1312 1878 1343 1.
1904 1312 2020 1343 11.28.

322 1372 548 1429 quadrigis
578 1374 770 1429 petimus
801 1374 911 1418 bene
952 1376 1110 1419 vivere.

324 1483 333 1493 .
353 1449 610 1495 ..Studium
641 1451 809 1506 puerile
844 1452 1024 1507 fatiscit,
1618 1467 1698 1497 Aus.
1722 1466 1816 1505 myn.
1840 1466 1871 1500 4.
1896 1467 1946 1500 10.

329 1526 448 1571 laeta
475 1527 562 1571 nisi
593 1529 782 1572 austeris
812 1529 1035 1572 varientur
1071 1530 1184 1574 festa
1213 1529 1432 1585 profestis

323 1603 479 1660 Stulte,
510 1604 615 1660 quid
646 1619 671 1648 o
703 1605 866 1649 frustra
895 1607 1009 1650 votis
1039 1607 1283 1662 puerilibus
1314 1614 1454 1663 optas,
1617 1618 2021 1654 ovid.'1·rist.111.8.11.

407 1694 519 1737 quae
551 1696 637 1726 non
668 1683 759 1726 ulla
788 1683 902 1738 tulit,
933 1684 1119 1739 fertque,
1156 1684 1353 1740 feretque
1385 1684 1492 1728 dies.

323 1758 569 1803 Stultitiam
599 1760 829 1815 patiuntur
863 1774 981 1815 opes.
1624 1775 1704 1806 nor.
1727 1774 1835 1814 Epist.
1864 1775 1889 1805 1.
1928 1775 2044 1806 18.29.

183 1835 291 1878 1075
324 1835 565 1880 Stultitiam
597 1836 804 1880 simulare
835 1837 931 1880 loco
963 1837 1200 1893 prudentia
1235 1852 1405 1882 summa
1435 1844 1515 1882 est.
1617 1852 1718 1883 mon.
1742 1851 1817 1885 eat.
1835 1851 1921 1883 nist.
1944 1852 2043 1886 218.

320 1912 574 1957 Stultitiane
605 1919 735 1969 erret,
767 1914 952 1957 nihilum
983 1915 1181 1971 distabit,
1212 1930 1268 1959 an
1299 1916 1378 1959 ira.
1622 1928 1704 1962 nor.
1727 1928 1795 1960 Sat.
1819 1929 1862 1962 11.
1885 1929 1914 1959 3.
1938 1930 2009 1960 210.

322 1989 564 2034 Stultorum
594 1991 795 2035 incurata
825 1991 967 2047 pudor
998 1993 1138 2037 malus
1173 1994 1324 2037 ulcera
1354 1993 1481 2038 celat.
1623 2006 1709 2039 nor.
1735 2005 1844 2045 Epist.
1869 2006 1893 2037 1.
1921 2007 1971 2037 18.
1994 2008 2046 2039 2⁴.

323 2099 360 2110 ..
378 2100 388 2110 .
407 2066 496 2110 Sua
524 2067 682 2124 cuique
713 2068 821 2113 deus
852 2069 901 2112 fit
931 2069 1029 2113 dira
1050 2070 1279 2126 cupid0(?).
1622 2083 1724 2123 νοις.
1748 2080 1838 2115 Aen.
1862 2084 1890 2114 a
1916 2084 1985 2114 185.

322 2144 495 2188 ...Sua
524 2146 709 2201 quisque
739 2147 939 2201 pericula
969 2147 1122 2191 nescit.
1619 2160 1747 2192 Lucan.
1772 2161 1885 2193 Pham
1911 2162 1937 2192 7.
1961 2162 2028 2195 139.

183 2223 293 2264 1080
323 2221 496 2266 ...Sua
525 2222 673 2267 taedia
703 2223 822 2267 solus
852 2224 1025 2267 Fallere
1057 2224 1195 2268 nescit
1226 2238 1360 2268 amor.
1616 2238 1748 2271 ...ma
1772 2238 1815 2270 aa
1839 2238 1924 2272 Aen.
1949 2239 1999 2270 87.

322 2331 360 2342 ..
379 2332 388 2342 .
407 2298 547 2343 Suave
578 2306 646 2343 est
685 2302 764 2343 vid.
805 2301 866 2343 At
897 2314 1028 2345 suave
1060 2308 1139 2346 est.

322 2375 412 2419 Sub
442 2389 531 2431 qua
559 2389 675 2420 nunc
706 2378 890 2421 recubas
922 2379 1001 2420 vid.
1035 2377 1173 2432 Quem
1205 2384 1391 2422 taurum.

323 2452 492 2497 Sumite
522 2453 752 2497 materiam
785 2455 954 2511 vestris,
985 2456 1059 2510 qui
1091 2456 1296 2510 scribitis,
1328 2469 1513 2511 aequam
1618 2470 1699 2502 nor.
1722 2470 1828 2510 Epist.
1852 2471 1892 2502 11.
1917 2470 1944 2499 3.
1968 2470 2020 2504 38.

320 2530 499 2586 viribus,
530 2536 574 2574 et
604 2539 776 2575 versate
811 2532 900 2587 diu,
938 2532 1043 2588 quid
1072 2532 1187 2576 ferre
1217 2539 1433 2587 recusent,

319 2607 424 2662 quid
455 2607 630 2651 valeant
659 2608 843 2652 humeri.
876 2609 957 2652 Cui
987 2610 1103 2654 lecta
1132 2616 1338 2666 potenter
1367 2610 1452 2654 erit
1481 2623 1570 2665 res,

318 2698 399 2728 nec
430 2684 636 2728 facundia
665 2685 838 2729 deseret
867 2686 998 2742 hunc,
1028 2700 1109 2730 nec
1139 2686 1311 2731 lucidus
1343 2686 1463 2731 ordo.

322 2762 503 2806 Summa
530 2763 643 2818 petit
672 2763 799 2819 livor,
830 2764 1022 2819 perflant
1051 2764 1270 2809 altissima
1299 2764 1431 2808 venti.
1621 2778 1721 2810 ovid.
1745 2779 1840 2810 Rem.
1863 2779 1934 2809 369.

321 2838 545 2883 Summum
575 2840 705 2884 crede
736 2841 881 2896 nefas,
913 2841 1104 2884 animam
1133 2840 1356 2897 praeferre
1385 2841 1558 2896 pudori,
1615 2856 1697 2890 δαν.
1720 2856 1788 2887 sat.
1812 2856 1841 2886 8.
1864 2855 1915 2886 83.

320 2921 364 2959 et
393 2922 576 2972 propter
605 2918 739 2961 vitam
769 2918 944 2962 vivendi
974 2918 1160 2974 perdere
1192 2931 1365 2962 causas.

322 2993 431 3037 Sunt
461 2992 629 3048 aliquid
659 3008 823 3050 manes,
854 2995 990 3039 letum
1020 3009 1108 3039 non
1144 2996 1291 3039 omnia
1319 2995 1429 3039 finit.
1618 3010 1718 3049 prop.
1741 3009 1791 3040 131.
1814 3010 1855 3041 v.
1878 3010 1906 3040 7.
1931 3012 1956 3044 1.

182 3072 290 3114 1085
321 3071 432 3114 Sunt
462 3069 624 3115 delicta
653 3077 813 3127 tamen,
845 3073 1003 3127 quibus
1038 3073 1255 3128 ignovisse
1286 3073 1481 3116 velimus.
1612 3087 1694 3121 Hor.
1718 3087 1825 3127 Epist.
1849 3087 1890 3119 11.
1914 3088 1944 3121 3.
1969 3088 2040 3119 347.

321 3147 664 3203 ...Superando
699 3149 840 3192 omnis
875 3151 954 3192 vid.
987 3148 1210 3204 Quidquid
1241 3150 1338 3193 erit.

322 3223 557 3280 Supprime
580 3225 674 3280 jam
706 3226 933 3270 lacrimas:
963 3240 1051 3270 non
1083 3232 1150 3270 est
1179 3227 1441 3272 revocabilis
1470 3227 1570 3272 istis
1619 3240 2043 3274 ...conso1.a‹11.iv.427.

404 3314 535 3357 quem
565 3302 700 3347 semel
730 3303 971 3347 umbrifera
999 3303 1148 3347 navita
1178 3304 1313 3359 lintre
1330 3304 1445 3349 tulit.
