<?xml version="1.0" encoding="UTF-8"?>
<!DOCTYPE html PUBLIC "-//W3C//DTD XHTML 1.0 Transitional//EN"
    "http://www.w3.org/TR/xhtml1/DTD/xhtml1-transitional.dtd">
<html xmlns="http://www.w3.org/1999/xhtml" xml:lang="en" lang="en">
 <head>
  <title>
</title>
<meta http-equiv="Content-Type" content="text/html;charset=utf-8" />
  <meta name='ocr-system' content='tesseract 3.04.00' />
  <meta name='ocr-capabilities' content='ocr_page ocr_carea ocr_par ocr_line ocrx_word'/>
</head>
<body>
  <div class='ocr_page' id='page_1' title='image "./dactyliothecacor00krusuoft_0022.png"; bbox 0 0 2164 3666; ppageno 0'>
   <div class='ocr_carea' id='block_1_1' title="bbox 99 330 1426 1614">
    <p class='ocr_par' dir='ltr' id='par_1_1' title="bbox 213 330 1318 463">
     <span class='ocr_line' id='line_1_1' title="bbox 213 330 1318 374; baseline -0.001 -1"><span class='ocrx_word' id='word_1_1' title='bbox 213 330 276 373; x_wconf 89' lang='lat' dir='ltr'><strong>Et</strong></span> <span class='ocrx_word' id='word_1_2' title='bbox 309 331 428 373; x_wconf 89' lang='lat' dir='ltr'><strong>mala</strong></span> <span class='ocrx_word' id='word_1_3' title='bbox 458 335 560 374; x_wconf 88' lang='lat' dir='ltr'><strong>sunt</strong></span> <span class='ocrx_word' id='word_1_4' title='bbox 588 330 735 374; x_wconf 90' lang='lat' dir='ltr'><strong>vicina</strong></span> <span class='ocrx_word' id='word_1_5' title='bbox 762 330 912 374; x_wconf 90' lang='lat' dir='ltr'><strong>bonis:</strong></span> <span class='ocrx_word' id='word_1_6' title='bbox 948 343 1097 374; x_wconf 90' lang='lat' dir='ltr'><strong>errore</strong></span> <span class='ocrx_word' id='word_1_7' title='bbox 1129 330 1210 374; x_wconf 91' lang='lat' dir='ltr'><strong>sub</strong></span> <span class='ocrx_word' id='word_1_8' title='bbox 1240 330 1318 373; x_wconf 93' lang='lat' dir='ltr'><strong>illo</strong></span> 
     </span>
     <span class='ocr_line' id='line_1_2' title="bbox 269 407 1186 463; baseline 0 -12"><span class='ocrx_word' id='word_1_9' title='bbox 269 422 351 463; x_wconf 90' lang='lat' dir='ltr'><strong>pro</strong></span> <span class='ocrx_word' id='word_1_10' title='bbox 381 407 488 451; x_wconf 89' lang='lat' dir='ltr'><strong>vitio</strong></span> <span class='ocrx_word' id='word_1_11' title='bbox 517 408 659 451; x_wconf 91' lang='lat' dir='ltr'><strong>virtus</strong></span> <span class='ocrx_word' id='word_1_12' title='bbox 690 407 877 450; x_wconf 89' lang='lat' dir='ltr'><strong>crimina</strong></span> <span class='ocrx_word' id='word_1_13' title='bbox 906 418 1040 463; x_wconf 86' lang='lat' dir='ltr'><strong>saepe</strong></span> <span class='ocrx_word' id='word_1_14' title='bbox 1070 407 1186 451; x_wconf 79' lang='lat' dir='ltr'><strong>tulit.</strong></span> 
     </span>
    </p>

    <p class='ocr_par' dir='ltr' id='par_1_2' title="bbox 99 484 1399 772">
     <span class='ocr_line' id='line_1_3' title="bbox 213 484 1399 540; baseline -0.001 -11"><span class='ocrx_word' id='word_1_15' title='bbox 213 486 274 528; x_wconf 89' lang='lat' dir='ltr'><strong>Et</strong></span> <span class='ocrx_word' id='word_1_16' title='bbox 303 498 543 529; x_wconf 85' lang='lat' dir='ltr'><strong>memorem</strong></span> <span class='ocrx_word' id='word_1_17' title='bbox 573 484 750 539; x_wconf 91' lang='lat' dir='ltr'><strong>famam,</strong></span> <span class='ocrx_word' id='word_1_18' title='bbox 782 484 900 540; x_wconf 87' lang='lat' dir='ltr'><strong>quod</strong></span> <span class='ocrx_word' id='word_1_19' title='bbox 930 485 1042 528; x_wconf 90' lang='lat' dir='ltr'><strong>bene</strong></span> <span class='ocrx_word' id='word_1_20' title='bbox 1073 485 1219 540; x_wconf 81' lang='lat' dir='ltr'><strong>cessit,</strong></span> <span class='ocrx_word' id='word_1_21' title='bbox 1249 484 1399 528; x_wconf 91' lang='lat' dir='ltr'><strong>habet.</strong></span> 
     </span>
     <span class='ocr_line' id='line_1_4' title="bbox 99 562 1384 618; baseline 0 -13"><span class='ocrx_word' id='word_1_22' title='bbox 99 564 185 606; x_wconf 84' lang='lat'><strong>270</strong></span> <span class='ocrx_word' id='word_1_23' title='bbox 214 562 275 606; x_wconf 91' lang='lat' dir='ltr'><strong>Et</strong></span> <span class='ocrx_word' id='word_1_24' title='bbox 304 563 413 605; x_wconf 92' lang='lat' dir='ltr'><strong>mihi</strong></span> <span class='ocrx_word' id='word_1_25' title='bbox 442 576 527 618; x_wconf 86' lang='lat' dir='ltr'><strong>res,</strong></span> <span class='ocrx_word' id='word_1_26' title='bbox 558 576 647 605; x_wconf 88' lang='lat' dir='ltr'><strong>non</strong></span> <span class='ocrx_word' id='word_1_27' title='bbox 678 576 747 606; x_wconf 91' lang='lat' dir='ltr'><strong>me</strong></span> <span class='ocrx_word' id='word_1_28' title='bbox 777 563 909 606; x_wconf 88' lang='lat' dir='ltr'><strong>rebus</strong></span> <span class='ocrx_word' id='word_1_29' title='bbox 941 562 1204 617; x_wconf 88' lang='lat' dir='ltr'><strong>subjungere</strong></span> <span class='ocrx_word' id='word_1_30' title='bbox 1235 575 1384 606; x_wconf 88' lang='lat' dir='ltr'><strong>conor.</strong></span> 
     </span>
     <span class='ocr_line' id='line_1_5' title="bbox 213 639 1295 695; baseline -0.001 -12"><span class='ocrx_word' id='word_1_31' title='bbox 213 640 274 683; x_wconf 90' lang='lat' dir='ltr'><strong>Et</strong></span> <span class='ocrx_word' id='word_1_32' title='bbox 304 645 465 695; x_wconf 85' lang='lat' dir='ltr'><strong>monet,</strong></span> <span class='ocrx_word' id='word_1_33' title='bbox 497 639 657 683; x_wconf 90' lang='lat' dir='ltr'><strong>aetatis</strong></span> <span class='ocrx_word' id='word_1_34' title='bbox 688 639 849 695; x_wconf 88' lang='lat' dir='ltr'><strong>specie,</strong></span> <span class='ocrx_word' id='word_1_35' title='bbox 881 639 985 683; x_wconf 91' lang='lat' dir='ltr'><strong>dum</strong></span> <span class='ocrx_word' id='word_1_36' title='bbox 1014 639 1185 695; x_wconf 87' lang='lat' dir='ltr'><strong>floreat,</strong></span> <span class='ocrx_word' id='word_1_37' title='bbox 1215 640 1295 695; x_wconf 89' lang='lat' dir='ltr'><strong>uti,</strong></span> 
     </span>
     <span class='ocr_line' id='line_1_6' title="bbox 299 716 1292 772; baseline 0 -11"><span class='ocrx_word' id='word_1_38' title='bbox 299 718 521 762; x_wconf 85' lang='lat' dir='ltr'><strong>contemni</strong></span> <span class='ocrx_word' id='word_1_39' title='bbox 552 718 726 772; x_wconf 91' lang='lat' dir='ltr'><strong>spinam</strong></span> <span class='ocrx_word' id='word_1_40' title='bbox 756 730 890 772; x_wconf 90' lang='lat' dir='ltr'><strong>quum</strong></span> <span class='ocrx_word' id='word_1_41' title='bbox 921 716 1121 760; x_wconf 84' lang='lat' dir='ltr'><strong>cecidere</strong></span> <span class='ocrx_word' id='word_1_42' title='bbox 1149 730 1292 762; x_wconf 88' lang='lat' dir='ltr'><strong>rosae.</strong></span> 
     </span>
    </p>

    <p class='ocr_par' dir='ltr' id='par_1_3' title="bbox 213 794 1242 850">
     <span class='ocr_line' id='line_1_7' title="bbox 213 794 1242 850; baseline -0.002 -12"><span class='ocrx_word' id='word_1_43' title='bbox 213 795 275 838; x_wconf 90' lang='lat' dir='ltr'><strong>Et</strong></span> <span class='ocrx_word' id='word_1_44' title='bbox 303 795 572 850; x_wconf 82' lang='lat' dir='ltr'><strong>piscatorem</strong></span> <span class='ocrx_word' id='word_1_45' title='bbox 601 795 738 850; x_wconf 89' lang='lat' dir='ltr'><strong>piscis</strong></span> <span class='ocrx_word' id='word_1_46' title='bbox 769 808 919 838; x_wconf 88' lang='lat' dir='ltr'><strong>amare</strong></span> <span class='ocrx_word' id='word_1_47' title='bbox 948 795 1127 849; x_wconf 74' lang='lat' dir='ltr'><strong>potest-‘x’</strong></span> <span class='ocrx_word' id='word_1_48' title='bbox 1238 794 1242 798; x_wconf 89' lang='grc'><strong>’</strong></span> 
     </span>
    </p>

    <p class='ocr_par' dir='ltr' id='par_1_4' title="bbox 213 871 1323 928">
     <span class='ocr_line' id='line_1_8' title="bbox 213 871 1323 928; baseline -0.001 -13"><span class='ocrx_word' id='word_1_49' title='bbox 213 872 274 915; x_wconf 91' lang='lat' dir='ltr'><strong>Et</strong></span> <span class='ocrx_word' id='word_1_50' title='bbox 302 872 472 928; x_wconf 90' lang='lat' dir='ltr'><strong>platani</strong></span> <span class='ocrx_word' id='word_1_51' title='bbox 501 872 696 927; x_wconf 88' lang='lat' dir='ltr'><strong>platanis</strong></span> <span class='ocrx_word' id='word_1_52' title='bbox 726 872 915 927; x_wconf 89' lang='lat' dir='ltr'><strong>alnoque</strong></span> <span class='ocrx_word' id='word_1_53' title='bbox 947 872 1151 915; x_wconf 82' lang='lat' dir='ltr'>assibilat</span> <span class='ocrx_word' id='word_1_54' title='bbox 1181 871 1323 914; x_wconf 89' lang='lat' dir='ltr'><strong>alnus.</strong></span> 
     </span>
    </p>

    <p class='ocr_par' dir='ltr' id='par_1_5' title="bbox 99 948 1419 1083">
     <span class='ocr_line' id='line_1_9' title="bbox 213 948 1419 993; baseline -0.002 0"><span class='ocrx_word' id='word_1_55' title='bbox 213 949 273 992; x_wconf 88' lang='lat' dir='ltr'><strong>Et</strong></span> <span class='ocrx_word' id='word_1_56' title='bbox 304 950 441 993; x_wconf 85' lang='lat' dir='ltr'><strong>semel</strong></span> <span class='ocrx_word' id='word_1_57' title='bbox 472 950 725 993; x_wconf 87' lang='lat' dir='ltr'><strong>emmissum</strong></span> <span class='ocrx_word' id='word_1_58' title='bbox 755 950 876 993; x_wconf 90' lang='lat' dir='ltr'><strong>volat</strong></span> <span class='ocrx_word' id='word_1_59' title='bbox 905 949 1192 993; x_wconf 83' lang='lat' dir='ltr'><strong>irrevocabile</strong></span> <span class='ocrx_word' id='word_1_60' title='bbox 1222 948 1419 992; x_wconf 86' lang='lat' dir='ltr'><strong>verbum.</strong></span> 
     </span>
     <span class='ocr_line' id='line_1_10' title="bbox 99 1025 1401 1083; baseline -0.002 -13"><span class='ocrx_word' id='word_1_61' title='bbox 99 1029 181 1071; x_wconf 83' lang='lat'><strong>275</strong></span> <span class='ocrx_word' id='word_1_62' title='bbox 213 1027 414 1083; x_wconf 85' lang='lat' dir='ltr'><strong>Excepto</strong></span> <span class='ocrx_word' id='word_1_63' title='bbox 446 1027 562 1083; x_wconf 90' lang='lat' dir='ltr'><strong>quod</strong></span> <span class='ocrx_word' id='word_1_64' title='bbox 592 1041 681 1071; x_wconf 90' lang='lat' dir='ltr'><strong>non</strong></span> <span class='ocrx_word' id='word_1_65' title='bbox 713 1028 843 1071; x_wconf 90' lang='lat' dir='ltr'><strong>simul</strong></span> <span class='ocrx_word' id='word_1_66' title='bbox 873 1041 1008 1083; x_wconf 87' lang='lat' dir='ltr'><strong>esses,</strong></span> <span class='ocrx_word' id='word_1_67' title='bbox 1039 1031 1216 1070; x_wconf 91' lang='lat' dir='ltr'><strong>caetera</strong></span> <span class='ocrx_word' id='word_1_68' title='bbox 1244 1025 1401 1069; x_wconf 88' lang='lat' dir='ltr'><strong>laetus.</strong></span> 
     </span>
    </p>

    <p class='ocr_par' dir='ltr' id='par_1_6' title="bbox 212 1103 1304 1160">
     <span class='ocr_line' id='line_1_11' title="bbox 212 1103 1304 1160; baseline -0.002 -12"><span class='ocrx_word' id='word_1_69' title='bbox 212 1105 394 1148; x_wconf 88' lang='lat' dir='ltr'><strong>Excitat</strong></span> <span class='ocrx_word' id='word_1_70' title='bbox 425 1105 600 1148; x_wconf 85' lang='lat' dir='ltr'><strong>auditor</strong></span> <span class='ocrx_word' id='word_1_71' title='bbox 631 1105 836 1160; x_wconf 88' lang='lat' dir='ltr'><strong>studium,</strong></span> <span class='ocrx_word' id='word_1_72' title='bbox 867 1104 1134 1159; x_wconf 88' lang='lat' dir='ltr'><strong>laudataque</strong></span> <span class='ocrx_word' id='word_1_73' title='bbox 1164 1103 1304 1147; x_wconf 90' lang='lat' dir='ltr'><strong>virtus</strong></span> 
     </span>
    </p>

    <p class='ocr_par' dir='ltr' id='par_1_7' title="bbox 299 1180 1355 1238">
     <span class='ocr_line' id='line_1_12' title="bbox 299 1180 1355 1238; baseline -0.003 -12"><span class='ocrx_word' id='word_1_74' title='bbox 299 1183 460 1227; x_wconf 88' lang='lat' dir='ltr'><strong>crescit</strong></span> <span class='ocrx_word' id='word_1_75' title='bbox 490 1188 534 1226; x_wconf 90' lang='lat' dir='ltr'><strong>et</strong></span> <span class='ocrx_word' id='word_1_76' title='bbox 564 1183 829 1227; x_wconf 88' lang='lat' dir='ltr'><strong>immensum</strong></span> <span class='ocrx_word' id='word_1_77' title='bbox 859 1182 1001 1238; x_wconf 86' lang='lat' dir='ltr'><strong>gloria</strong></span> <span class='ocrx_word' id='word_1_78' title='bbox 1030 1181 1177 1225; x_wconf 91' lang='lat' dir='ltr'><strong>calcar</strong></span> <span class='ocrx_word' id='word_1_79' title='bbox 1206 1180 1355 1225; x_wconf 89' lang='lat' dir='ltr'><strong>habet.</strong></span> 
     </span>
    </p>

    <p class='ocr_par' dir='ltr' id='par_1_8' title="bbox 215 1257 1426 1315">
     <span class='ocr_line' id='line_1_13' title="bbox 215 1257 1426 1315; baseline -0.002 -12"><span class='ocrx_word' id='word_1_80' title='bbox 215 1259 511 1304; x_wconf 83' lang='lat' dir='ltr'><strong>...Excludit</strong></span> <span class='ocrx_word' id='word_1_81' title='bbox 541 1274 672 1305; x_wconf 88' lang='lat' dir='ltr'><strong>sanos</strong></span> <span class='ocrx_word' id='word_1_82' title='bbox 702 1261 916 1304; x_wconf 92' lang='lat' dir='ltr'><strong>Helicone</strong></span> <span class='ocrx_word' id='word_1_83' title='bbox 946 1264 1102 1315; x_wconf 89' lang='lat' dir='ltr'><strong>poetas</strong></span> <span class='ocrx_word' id='word_1_84' title='bbox 1133 1257 1426 1302; x_wconf 85' lang='lat' dir='ltr'><strong>Democritus.</strong></span> 
     </span>
    </p>

    <p class='ocr_par' dir='ltr' id='par_1_9' title="bbox 215 1335 1204 1393">
     <span class='ocr_line' id='line_1_14' title="bbox 215 1335 1204 1393; baseline -0.001 -12"><span class='ocrx_word' id='word_1_85' title='bbox 215 1338 513 1382; x_wconf 88' lang='lat' dir='ltr'><strong>...Excludit</strong></span> <span class='ocrx_word' id='word_1_86' title='bbox 543 1343 713 1383; x_wconf 88' lang='lat' dir='ltr'><strong>veteres</strong></span> <span class='ocrx_word' id='word_1_87' title='bbox 742 1351 858 1382; x_wconf 89' lang='lat' dir='ltr'><strong>nova</strong></span> <span class='ocrx_word' id='word_1_88' title='bbox 886 1335 1032 1393; x_wconf 73' lang='lat' dir='ltr'><strong>gratia</strong></span> <span class='ocrx_word' id='word_1_89' title='bbox 1062 1350 1204 1381; x_wconf 90' lang='lat' dir='ltr'><strong>curas.</strong></span> 
     </span>
    </p>

    <p class='ocr_par' dir='ltr' id='par_1_10' title="bbox 215 1416 579 1460">
     <span class='ocr_line' id='line_1_15' title="bbox 215 1416 579 1460; baseline 0 0"><span class='ocrx_word' id='word_1_90' title='bbox 215 1451 224 1459; x_wconf 93' lang='lat'><strong>.</strong></span> <span class='ocrx_word' id='word_1_91' title='bbox 243 1451 252 1460; x_wconf 91' lang='lat'><strong>.</strong></span> <span class='ocrx_word' id='word_1_92' title='bbox 272 1450 280 1458; x_wconf 88' lang='lat'><strong>.</strong></span> <span class='ocrx_word' id='word_1_93' title='bbox 299 1416 446 1459; x_wconf 83' lang='lat' dir='ltr'><strong>Exeat</strong></span> <span class='ocrx_word' id='word_1_94' title='bbox 475 1416 579 1460; x_wconf 92' lang='lat' dir='ltr'><strong>aula</strong></span> 
     </span>
    </p>

    <p class='ocr_par' dir='ltr' id='par_1_11' title="bbox 215 1493 1369 1549">
     <span class='ocr_line' id='line_1_16' title="bbox 215 1493 1369 1549; baseline -0.002 -13"><span class='ocrx_word' id='word_1_95' title='bbox 215 1494 290 1548; x_wconf 93' lang='lat' dir='ltr'><strong>qui</strong></span> <span class='ocrx_word' id='word_1_96' title='bbox 320 1493 414 1536; x_wconf 88' lang='lat' dir='ltr'><strong>vult</strong></span> <span class='ocrx_word' id='word_1_97' title='bbox 444 1507 541 1538; x_wconf 90' lang='lat' dir='ltr'><strong>esse</strong></span> <span class='ocrx_word' id='word_1_98' title='bbox 571 1493 694 1549; x_wconf 89' lang='lat' dir='ltr'><strong>pius:</strong></span> <span class='ocrx_word' id='word_1_99' title='bbox 725 1493 865 1537; x_wconf 85' lang='lat' dir='ltr'><strong>virtus</strong></span> <span class='ocrx_word' id='word_1_100' title='bbox 896 1498 940 1536; x_wconf 84' lang='lat' dir='ltr'><strong>et</strong></span> <span class='ocrx_word' id='word_1_101' title='bbox 971 1505 1142 1536; x_wconf 87' lang='lat' dir='ltr'><strong>summa</strong></span> <span class='ocrx_word' id='word_1_102' title='bbox 1169 1495 1369 1547; x_wconf 88' lang='lat' dir='ltr'><strong>potestas</strong></span> 
     </span>
    </p>

    <p class='ocr_par' dir='ltr' id='par_1_12' title="bbox 212 1574 504 1614">
     <span class='ocr_line' id='line_1_17' title="bbox 212 1574 504 1614; baseline 0 0"><span class='ocrx_word' id='word_1_103' title='bbox 212 1584 301 1614; x_wconf 92' lang='lat' dir='ltr'><strong>non</strong></span> <span class='ocrx_word' id='word_1_104' title='bbox 332 1574 504 1614; x_wconf 70' lang='lat' dir='ltr'><strong>coeunt.</strong></span> 
     </span>
    </p>
   </div>
   <div class='ocr_carea' id='block_1_2' title="bbox 100 1646 1469 1704">
    <p class='ocr_par' dir='ltr' id='par_1_13' title="bbox 100 1646 1469 1704">
     <span class='ocr_line' id='line_1_18' title="bbox 100 1646 1469 1704; baseline 0 -14"><span class='ocrx_word' id='word_1_105' title='bbox 100 1650 188 1691; x_wconf 83' lang='lat'><strong>280</strong></span> <span class='ocrx_word' id='word_1_106' title='bbox 216 1648 571 1704; x_wconf 86' lang='lat' dir='ltr'><strong>Exemplumque</strong></span> <span class='ocrx_word' id='word_1_107' title='bbox 603 1649 674 1692; x_wconf 89' lang='lat' dir='ltr'><strong>dei</strong></span> <span class='ocrx_word' id='word_1_108' title='bbox 706 1648 892 1704; x_wconf 93' lang='lat' dir='ltr'><strong>quisque</strong></span> <span class='ocrx_word' id='word_1_109' title='bbox 923 1652 991 1692; x_wconf 88' lang='lat' dir='ltr'><strong>est</strong></span> <span class='ocrx_word' id='word_1_110' title='bbox 1020 1647 1066 1690; x_wconf 92' lang='lat' dir='ltr'><strong>in</strong></span> <span class='ocrx_word' id='word_1_111' title='bbox 1097 1646 1288 1702; x_wconf 89' lang='lat' dir='ltr'><strong>imagine</strong></span> <span class='ocrx_word' id='word_1_112' title='bbox 1317 1659 1469 1702; x_wconf 86' lang='lat' dir='ltr'><strong>parva.</strong></span> 
     </span>
    </p>
   </div>
   <div class='ocr_carea' id='block_1_3' title="bbox 101 1725 1388 2404">
    <p class='ocr_par' dir='ltr' id='par_1_14' title="bbox 213 1725 1313 1782">
     <span class='ocr_line' id='line_1_19' title="bbox 213 1725 1313 1782; baseline 0 -14"><span class='ocrx_word' id='word_1_113' title='bbox 213 1726 390 1781; x_wconf 85' lang='lat' dir='ltr'><strong>Exigua</strong></span> <span class='ocrx_word' id='word_1_114' title='bbox 420 1731 488 1772; x_wconf 87' lang='lat' dir='ltr'><strong>est</strong></span> <span class='ocrx_word' id='word_1_115' title='bbox 516 1727 669 1782; x_wconf 85' lang='lat' dir='ltr'><strong>virtus,</strong></span> <span class='ocrx_word' id='word_1_116' title='bbox 700 1731 928 1782; x_wconf 87' lang='lat' dir='ltr'><strong>praestare</strong></span> <span class='ocrx_word' id='word_1_117' title='bbox 960 1725 1139 1769; x_wconf 87' lang='lat' dir='ltr'><strong>silentia</strong></span> <span class='ocrx_word' id='word_1_118' title='bbox 1167 1725 1313 1779; x_wconf 88' lang='lat' dir='ltr'><strong>rebus,</strong></span> 
     </span>
    </p>

    <p class='ocr_par' dir='ltr' id='par_1_15' title="bbox 214 1801 1388 2081">
     <span class='ocr_line' id='line_1_20' title="bbox 272 1801 1332 1859; baseline -0.003 -12"><span class='ocrx_word' id='word_1_119' title='bbox 272 1809 318 1847; x_wconf 86' lang='lat' dir='ltr'><strong>at</strong></span> <span class='ocrx_word' id='word_1_120' title='bbox 348 1809 502 1848; x_wconf 87' lang='lat' dir='ltr'><strong>contra</strong></span> <span class='ocrx_word' id='word_1_121' title='bbox 532 1804 677 1859; x_wconf 87' lang='lat' dir='ltr'><strong>gravis</strong></span> <span class='ocrx_word' id='word_1_122' title='bbox 709 1809 776 1848; x_wconf 90' lang='lat' dir='ltr'><strong>est</strong></span> <span class='ocrx_word' id='word_1_123' title='bbox 807 1803 949 1859; x_wconf 85' lang='lat' dir='ltr'><strong>culpa,</strong></span> <span class='ocrx_word' id='word_1_124' title='bbox 979 1802 1171 1847; x_wconf 87' lang='lat' dir='ltr'><strong>tacenda</strong></span> <span class='ocrx_word' id='word_1_125' title='bbox 1197 1801 1332 1857; x_wconf 93' lang='lat' dir='ltr'><strong>loqui.</strong></span> 
     </span>
     <span class='ocr_line' id='line_1_21' title="bbox 214 1880 1260 1937; baseline -0.001 -13"><span class='ocrx_word' id='word_1_126' title='bbox 214 1882 388 1936; x_wconf 84' lang='lat' dir='ltr'><strong>Exiguo</strong></span> <span class='ocrx_word' id='word_1_127' title='bbox 420 1887 632 1937; x_wconf 87' lang='lat' dir='ltr'><strong>gratoque</strong></span> <span class='ocrx_word' id='word_1_128' title='bbox 663 1881 826 1926; x_wconf 89' lang='lat' dir='ltr'><strong>fruaris</strong></span> <span class='ocrx_word' id='word_1_129' title='bbox 856 1886 1054 1936; x_wconf 90' lang='lat' dir='ltr'><strong>tempore</strong></span> <span class='ocrx_word' id='word_1_130' title='bbox 1083 1880 1260 1935; x_wconf 87' lang='lat' dir='ltr'><strong>raptim.</strong></span> 
     </span>
     <span class='ocr_line' id='line_1_22' title="bbox 214 1958 1388 2013; baseline 0 -12"><span class='ocrx_word' id='word_1_131' title='bbox 214 1959 360 2003; x_wconf 87' lang='lat' dir='ltr'><strong>Exilis</strong></span> <span class='ocrx_word' id='word_1_132' title='bbox 391 1959 548 2003; x_wconf 87' lang='lat' dir='ltr'><strong>domus</strong></span> <span class='ocrx_word' id='word_1_133' title='bbox 581 1964 648 2003; x_wconf 89' lang='lat' dir='ltr'><strong>est</strong></span> <span class='ocrx_word' id='word_1_134' title='bbox 679 1959 754 2002; x_wconf 92' lang='lat' dir='ltr'><strong>ubi</strong></span> <span class='ocrx_word' id='word_1_135' title='bbox 786 1973 875 2002; x_wconf 90' lang='lat' dir='ltr'><strong>non</strong></span> <span class='ocrx_word' id='word_1_136' title='bbox 906 1963 950 2001; x_wconf 92' lang='lat' dir='ltr'><strong>et</strong></span> <span class='ocrx_word' id='word_1_137' title='bbox 979 1958 1109 2013; x_wconf 91' lang='lat' dir='ltr'><strong>plura</strong></span> <span class='ocrx_word' id='word_1_138' title='bbox 1139 1963 1388 2013; x_wconf 87' lang='lat' dir='ltr'><strong>supersunt.</strong></span> 
     </span>
     <span class='ocr_line' id='line_1_23' title="bbox 214 2035 1317 2081; baseline 0 -2"><span class='ocrx_word' id='word_1_139' title='bbox 214 2037 324 2080; x_wconf 83' lang='lat' dir='ltr'><strong>Exit</strong></span> <span class='ocrx_word' id='word_1_140' title='bbox 354 2038 401 2080; x_wconf 91' lang='lat' dir='ltr'><strong>in</strong></span> <span class='ocrx_word' id='word_1_141' title='bbox 432 2037 695 2081; x_wconf 89' lang='lat' dir='ltr'><strong>immensum</strong></span> <span class='ocrx_word' id='word_1_142' title='bbox 725 2035 916 2081; x_wconf 87' lang='lat' dir='ltr'><strong>fecunda</strong></span> <span class='ocrx_word' id='word_1_143' title='bbox 944 2036 1126 2079; x_wconf 89' lang='lat' dir='ltr'><strong>licentia</strong></span> <span class='ocrx_word' id='word_1_144' title='bbox 1155 2040 1317 2079; x_wconf 90' lang='lat' dir='ltr'><strong>vatum.</strong></span> 
     </span>
    </p>

    <p class='ocr_par' dir='ltr' id='par_1_16' title="bbox 101 2113 1380 2170">
     <span class='ocr_line' id='line_1_24' title="bbox 101 2113 1380 2170; baseline -0.002 -12"><span class='ocrx_word' id='word_1_145' title='bbox 101 2118 184 2158; x_wconf 83' lang='lat'><strong>285</strong></span> <span class='ocrx_word' id='word_1_146' title='bbox 198 2114 379 2158; x_wconf 45' lang='lat' dir='ltr'><strong>fExitus</strong></span> <span class='ocrx_word' id='word_1_147' title='bbox 410 2122 512 2158; x_wconf 90' lang='lat' dir='ltr'><strong>acta</strong></span> <span class='ocrx_word' id='word_1_148' title='bbox 540 2116 713 2170; x_wconf 86' lang='lat' dir='ltr'><strong>probat.</strong></span> <span class='ocrx_word' id='word_1_149' title='bbox 775 2115 934 2158; x_wconf 87' lang='lat' dir='ltr'><strong>Careat</strong></span> <span class='ocrx_word' id='word_1_150' title='bbox 965 2113 1230 2169; x_wconf 87' lang='lat' dir='ltr'><strong>sucessibus,</strong></span> <span class='ocrx_word' id='word_1_151' title='bbox 1261 2118 1380 2169; x_wconf 70' lang='lat' dir='ltr'><strong>opto,</strong></span> 
     </span>
    </p>

    <p class='ocr_par' dir='ltr' id='par_1_17' title="bbox 215 2190 1324 2404">
     <span class='ocr_line' id='line_1_25' title="bbox 301 2190 1324 2248; baseline -0.003 -12"><span class='ocrx_word' id='word_1_152' title='bbox 301 2193 501 2248; x_wconf 88' lang='lat' dir='ltr'><strong>quisquis</strong></span> <span class='ocrx_word' id='word_1_153' title='bbox 533 2194 588 2236; x_wconf 92' lang='lat' dir='ltr'><strong>ab</strong></span> <span class='ocrx_word' id='word_1_154' title='bbox 620 2198 780 2236; x_wconf 90' lang='lat' dir='ltr'><strong>eventu</strong></span> <span class='ocrx_word' id='word_1_155' title='bbox 809 2192 928 2236; x_wconf 86' lang='lat' dir='ltr'><strong>facta</strong></span> <span class='ocrx_word' id='word_1_156' title='bbox 957 2190 1153 2235; x_wconf 90' lang='lat' dir='ltr'><strong>notanda</strong></span> <span class='ocrx_word' id='word_1_157' title='bbox 1181 2196 1324 2246; x_wconf 88' lang='lat' dir='ltr'><strong>putat.</strong></span> 
     </span>
     <span class='ocr_line' id='line_1_26' title="bbox 215 2268 1273 2326; baseline -0.002 -12"><span class='ocrx_word' id='word_1_158' title='bbox 215 2270 435 2314; x_wconf 87' lang='lat' dir='ltr'><strong>Exoriare</strong></span> <span class='ocrx_word' id='word_1_159' title='bbox 467 2270 628 2326; x_wconf 87' lang='lat' dir='ltr'><strong>aliquis</strong></span> <span class='ocrx_word' id='word_1_160' title='bbox 658 2271 822 2314; x_wconf 85' lang='lat' dir='ltr'><strong>nostris</strong></span> <span class='ocrx_word' id='word_1_161' title='bbox 854 2283 910 2314; x_wconf 86' lang='lat' dir='ltr'><strong>ex</strong></span> <span class='ocrx_word' id='word_1_162' title='bbox 939 2269 1113 2313; x_wconf 88' lang='lat' dir='ltr'><strong>ossibus</strong></span> <span class='ocrx_word' id='word_1_163' title='bbox 1143 2268 1273 2312; x_wconf 89' lang='lat' dir='ltr'><strong>ultor.</strong></span> 
     </span>
     <span class='ocr_line' id='line_1_27' title="bbox 215 2347 992 2404; baseline -0.001 -13"><span class='ocrx_word' id='word_1_164' title='bbox 215 2349 491 2404; x_wconf 87' lang='lat' dir='ltr'><strong>Exspectare</strong></span> <span class='ocrx_word' id='word_1_165' title='bbox 524 2348 658 2392; x_wconf 88' lang='lat' dir='ltr'><strong>Solon</strong></span> <span class='ocrx_word' id='word_1_166' title='bbox 688 2347 822 2392; x_wconf 88' lang='lat' dir='ltr'><strong>finem</strong></span> <span class='ocrx_word' id='word_1_167' title='bbox 851 2347 992 2391; x_wconf 90' lang='lat' dir='ltr'><strong>docet.</strong></span> 
     </span>
    </p>
   </div>
   <div class='ocr_carea' id='block_1_4' title="bbox 213 2423 1462 2482">
    <p class='ocr_par' dir='ltr' id='par_1_18' title="bbox 213 2423 1462 2482">
     <span class='ocr_line' id='line_1_28' title="bbox 213 2423 1462 2482; baseline -0.002 -13"><span class='ocrx_word' id='word_1_168' title='bbox 213 2426 411 2482; x_wconf 85' lang='lat' dir='ltr'><strong>Expedit</strong></span> <span class='ocrx_word' id='word_1_169' title='bbox 441 2439 538 2470; x_wconf 91' lang='lat' dir='ltr'><strong>esse</strong></span> <span class='ocrx_word' id='word_1_170' title='bbox 569 2425 694 2469; x_wconf 90' lang='lat' dir='ltr'><strong>deos:</strong></span> <span class='ocrx_word' id='word_1_171' title='bbox 727 2431 783 2481; x_wconf 84' lang='lat' dir='ltr'><strong>et,</strong></span> <span class='ocrx_word' id='word_1_172' title='bbox 814 2431 863 2469; x_wconf 92' lang='lat' dir='ltr'><strong>ut</strong></span> <span class='ocrx_word' id='word_1_173' title='bbox 893 2423 1086 2480; x_wconf 87' lang='lat' dir='ltr'><strong>expedit,</strong></span> <span class='ocrx_word' id='word_1_174' title='bbox 1117 2437 1214 2468; x_wconf 91' lang='lat' dir='ltr'><strong>esse</strong></span> <span class='ocrx_word' id='word_1_175' title='bbox 1244 2428 1462 2478; x_wconf 89' lang='lat' dir='ltr'><strong>putemus.</strong></span> 
     </span>
    </p>
   </div>
   <div class='ocr_carea' id='block_1_5' title="bbox 104 2501 1377 3025">
    <p class='ocr_par' dir='ltr' id='par_1_19' title="bbox 104 2501 1377 3025">
     <span class='ocr_line' id='line_1_29' title="bbox 218 2501 1298 2560; baseline -0.002 -12"><span class='ocrx_word' id='word_1_176' title='bbox 218 2504 444 2560; x_wconf 85' lang='lat' dir='ltr'><strong>Expertus</strong></span> <span class='ocrx_word' id='word_1_177' title='bbox 477 2503 596 2547; x_wconf 83' lang='lat' dir='ltr'><strong>dico:</strong></span> <span class='ocrx_word' id='word_1_178' title='bbox 627 2517 755 2547; x_wconf 91' lang='lat' dir='ltr'><strong>nemo</strong></span> <span class='ocrx_word' id='word_1_179' title='bbox 787 2509 855 2547; x_wconf 90' lang='lat' dir='ltr'><strong>est</strong></span> <span class='ocrx_word' id='word_1_180' title='bbox 884 2504 931 2546; x_wconf 91' lang='lat' dir='ltr'><strong>in</strong></span> <span class='ocrx_word' id='word_1_181' title='bbox 962 2515 1110 2547; x_wconf 89' lang='lat' dir='ltr'><strong>amore</strong></span> <span class='ocrx_word' id='word_1_182' title='bbox 1140 2501 1298 2546; x_wconf 90' lang='lat' dir='ltr'><strong>fidelis.</strong></span> 
     </span>
     <span class='ocr_line' id='line_1_30' title="bbox 104 2580 1146 2637; baseline -0.003 -11"><span class='ocrx_word' id='word_1_183' title='bbox 104 2586 190 2626; x_wconf 82' lang='lat'><strong>290</strong></span> <span class='ocrx_word' id='word_1_184' title='bbox 220 2582 440 2637; x_wconf 89' lang='lat' dir='ltr'><strong>Expletur</strong></span> <span class='ocrx_word' id='word_1_185' title='bbox 470 2582 666 2626; x_wconf 90' lang='lat' dir='ltr'><strong>lacrimis</strong></span> <span class='ocrx_word' id='word_1_186' title='bbox 698 2582 978 2637; x_wconf 88' lang='lat' dir='ltr'><strong>egeriturque</strong></span> <span class='ocrx_word' id='word_1_187' title='bbox 1009 2580 1146 2624; x_wconf 90' lang='lat' dir='ltr'><strong>dolor.</strong></span> 
     </span>
     <span class='ocr_line' id='line_1_31' title="bbox 216 2656 1371 2715; baseline -0.002 -14"><span class='ocrx_word' id='word_1_188' title='bbox 216 2659 468 2714; x_wconf 86' lang='lat' dir='ltr'><strong>Explorant</strong></span> <span class='ocrx_word' id='word_1_189' title='bbox 498 2659 684 2704; x_wconf 87' lang='lat' dir='ltr'><strong>adversa</strong></span> <span class='ocrx_word' id='word_1_190' title='bbox 713 2660 843 2714; x_wconf 83' lang='lat' dir='ltr'><strong>viros⁷</strong></span> <span class='ocrx_word' id='word_1_191' title='bbox 874 2671 1041 2715; x_wconf 88' lang='lat' dir='ltr'><strong>perque</strong></span> <span class='ocrx_word' id='word_1_192' title='bbox 1073 2669 1231 2712; x_wconf 87' lang='lat' dir='ltr'><strong>aspera</strong></span> <span class='ocrx_word' id='word_1_193' title='bbox 1261 2656 1371 2700; x_wconf 90' lang='lat' dir='ltr'><strong>duro</strong></span> 
     </span>
     <span class='ocr_line' id='line_1_32' title="bbox 301 2723 1314 2781; baseline -0.003 -1"><span class='ocrx_word' id='word_1_194' title='bbox 301 2723 459 2781; x_wconf 89' lang='lat' dir='ltr'><strong>nititur</strong></span> <span class='ocrx_word' id='word_1_195' title='bbox 490 2737 546 2781; x_wconf 93' lang='lat' dir='ltr'><strong>ad</strong></span> <span class='ocrx_word' id='word_1_196' title='bbox 578 2737 754 2781; x_wconf 86' lang='lat' dir='ltr'><strong>laudem</strong></span> <span class='ocrx_word' id='word_1_197' title='bbox 784 2737 923 2781; x_wconf 88' lang='lat' dir='ltr'><strong>virtus</strong></span> <span class='ocrx_word' id='word_1_198' title='bbox 954 2736 1159 2780; x_wconf 87' lang='lat' dir='ltr'><strong>interrita</strong></span> <span class='ocrx_word' id='word_1_199' title='bbox 1189 2733 1314 2779; x_wconf 89' lang='lat' dir='ltr'><strong>clivo.</strong></span> 
     </span>
     <span class='ocr_line' id='line_1_33' title="bbox 216 2811 1377 2870; baseline -0.002 -12"><span class='ocrx_word' id='word_1_200' title='bbox 216 2816 362 2859; x_wconf 85' lang='lat' dir='ltr'><strong>Extra</strong></span> <span class='ocrx_word' id='word_1_201' title='bbox 390 2814 614 2858; x_wconf 86' lang='lat' dir='ltr'><strong>fortunam</strong></span> <span class='ocrx_word' id='word_1_202' title='bbox 645 2820 713 2858; x_wconf 90' lang='lat' dir='ltr'><strong>est</strong></span> <span class='ocrx_word' id='word_1_203' title='bbox 744 2813 959 2870; x_wconf 89' lang='lat' dir='ltr'><strong>quidquid</strong></span> <span class='ocrx_word' id='word_1_204' title='bbox 989 2812 1179 2857; x_wconf 87' lang='lat' dir='ltr'><strong>donatur</strong></span> <span class='ocrx_word' id='word_1_205' title='bbox 1207 2811 1377 2856; x_wconf 84' lang='lat' dir='ltr'><strong>amicis.</strong></span> 
     </span>
     <span class='ocr_line' id='line_1_34' title="bbox 218 2892 1263 2948; baseline -0.002 -13"><span class='ocrx_word' id='word_1_206' title='bbox 218 2892 404 2935; x_wconf 88' lang='lat' dir='ltr'><strong>Exultat</strong></span> <span class='ocrx_word' id='word_1_207' title='bbox 435 2892 613 2936; x_wconf 85' lang='lat' dir='ltr'><strong>levitate</strong></span> <span class='ocrx_word' id='word_1_208' title='bbox 643 2906 767 2948; x_wconf 84' lang='lat' dir='ltr'><strong>puer,</strong></span> <span class='ocrx_word' id='word_1_209' title='bbox 799 2892 1014 2948; x_wconf 84' lang='lat' dir='ltr'><strong>gravitate</strong></span> <span class='ocrx_word' id='word_1_210' title='bbox 1046 2895 1263 2934; x_wconf 82' lang='lat' dir='ltr'><strong>senectus.</strong></span> 
     </span>
     <span class='ocr_line' id='line_1_35' title="bbox 219 2970 762 3025; baseline 0.002 -12"><span class='ocrx_word' id='word_1_211' title='bbox 219 2970 373 3014; x_wconf 87' lang='lat' dir='ltr'><strong>...Ex</strong></span> <span class='ocrx_word' id='word_1_212' title='bbox 403 2983 546 3025; x_wconf 84' lang='lat' dir='ltr'><strong>ungue</strong></span> <span class='ocrx_word' id='word_1_213' title='bbox 577 2970 762 3014; x_wconf 90' lang='lat' dir='ltr'><strong>leonem.</strong></span> 
     </span>
    </p>
   </div>
   <div class='ocr_carea' id='block_1_6' title="bbox 104 3095 1024 3247">
    <p class='ocr_par' dir='ltr' id='par_1_20' title="bbox 104 3095 1024 3247">
     <span class='ocr_line' id='line_1_36' title="bbox 104 3095 1024 3181; baseline -0.003 -10"><span class='ocrx_word' id='word_1_214' title='bbox 104 3121 187 3162; x_wconf 88' lang='lat'><strong>295</strong></span> <span class='ocrx_word' id='word_1_215' title='bbox 221 3095 476 3171; x_wconf 83' lang='lat' dir='ltr'><strong>···Facies</strong></span> <span class='ocrx_word' id='word_1_216' title='bbox 506 3131 584 3169; x_wconf 88' lang='lat' dir='ltr'><strong>tua</strong></span> <span class='ocrx_word' id='word_1_217' title='bbox 614 3130 841 3181; x_wconf 86' lang='lat' dir='ltr'><strong>computat</strong></span> <span class='ocrx_word' id='word_1_218' title='bbox 871 3137 1024 3169; x_wconf 82' lang='lat' dir='ltr'><strong>annos.</strong></span> 
     </span>
     <span class='ocr_line' id='line_1_37' title="bbox 221 3203 947 3247; baseline -0.001 0"><span class='ocrx_word' id='word_1_219' title='bbox 221 3203 467 3247; x_wconf 84' lang='lat' dir='ltr'><strong>...Facilis</strong></span> <span class='ocrx_word' id='word_1_220' title='bbox 500 3203 739 3247; x_wconf 88' lang='lat' dir='ltr'><strong>descensus</strong></span> <span class='ocrx_word' id='word_1_221' title='bbox 770 3203 947 3246; x_wconf 88' lang='lat' dir='ltr'><strong>Averni.</strong></span> 
     </span>
    </p>
   </div>
   <div class='ocr_carea' id='block_1_7' title="bbox 220 3278 1471 3336">
    <p class='ocr_par' dir='ltr' id='par_1_21' title="bbox 220 3278 1471 3336">
     <span class='ocr_line' id='line_1_38' title="bbox 220 3278 1471 3336; baseline -0.004 -11"><span class='ocrx_word' id='word_1_222' title='bbox 220 3281 432 3326; x_wconf 84' lang='lat' dir='ltr'><strong>...Facit</strong></span> <span class='ocrx_word' id='word_1_223' title='bbox 462 3281 708 3336; x_wconf 88' lang='lat' dir='ltr'><strong>indignatio</strong></span> <span class='ocrx_word' id='word_1_224' title='bbox 740 3294 915 3324; x_wconf 88' lang='lat' dir='ltr'><strong>versum</strong></span> <span class='ocrx_word' id='word_1_225' title='bbox 947 3280 1027 3323; x_wconf 85' lang='lat' dir='ltr'><strong>vid.</strong></span> <span class='ocrx_word' id='word_1_226' title='bbox 1061 3278 1108 3323; x_wconf 88' lang='lat' dir='ltr'><strong>Si</strong></span> <span class='ocrx_word' id='word_1_227' title='bbox 1138 3283 1299 3323; x_wconf 83' lang='lat' dir='ltr'><strong>natura</strong></span> <span class='ocrx_word' id='word_1_228' title='bbox 1327 3281 1471 3332; x_wconf 83' lang='lat' dir='ltr'><strong>negat.</strong></span> 
     </span>
    </p>
   </div>
   <div class='ocr_carea' id='block_1_8' title="bbox 219 3356 1300 3418">
    <p class='ocr_par' dir='ltr' id='par_1_22' title="bbox 219 3356 1300 3418">
     <span class='ocr_line' id='line_1_39' title="bbox 219 3356 1300 3418; baseline -0.003 -15"><span class='ocrx_word' id='word_1_229' title='bbox 219 3359 311 3404; x_wconf 84' lang='lat' dir='ltr'><strong>Fac</strong></span> <span class='ocrx_word' id='word_1_230' title='bbox 340 3364 511 3403; x_wconf 90' lang='lat' dir='ltr'><strong>tantum</strong></span> <span class='ocrx_word' id='word_1_231' title='bbox 542 3359 751 3415; x_wconf 89' lang='lat' dir='ltr'><strong>incipias:</strong></span> <span class='ocrx_word' id='word_1_232' title='bbox 784 3363 941 3414; x_wconf 90' lang='lat' dir='ltr'><strong>sponte</strong></span> <span class='ocrx_word' id='word_1_233' title='bbox 972 3357 1164 3403; x_wconf 82' lang='lat' dir='ltr'><strong>disertus</strong></span> <span class='ocrx_word' id='word_1_234' title='bbox 1195 3356 1300 3418; x_wconf 41' lang='lat' dir='ltr'><strong>eris..</strong></span> 
     </span>
    </p>
   </div>
   <div class='ocr_carea' id='block_1_9' title="bbox 1546 343 1863 383">
    <p class='ocr_par' dir='ltr' id='par_1_23' title="bbox 1546 343 1863 383">
     <span class='ocr_line' id='line_1_40' title="bbox 1546 343 1863 383; baseline 0 -9"><span class='ocrx_word' id='word_1_235' title='bbox 1546 343 1646 383; x_wconf 69' lang='lat' dir='ltr'><strong>ovid,</strong></span> <span class='ocrx_word' id='word_1_236' title='bbox 1670 344 1768 378; x_wconf 76' lang='lat' dir='ltr'><strong>Rom.</strong></span> <span class='ocrx_word' id='word_1_237' title='bbox 1791 343 1863 375; x_wconf 81' lang='lat'><strong>323.</strong></span> 
     </span>
    </p>
   </div>
   <div class='ocr_carea' id='block_1_10' title="bbox 1543 497 1936 686">
    <p class='ocr_par' dir='ltr' id='par_1_24' title="bbox 1543 497 1936 686">
     <span class='ocr_line' id='line_1_41' title="bbox 1546 497 1914 532; baseline 0.008 -3"><span class='ocrx_word' id='word_1_238' title='bbox 1546 497 1647 531; x_wconf 88' lang='lat' dir='ltr'><strong>Ovid.</strong></span> <span class='ocrx_word' id='word_1_239' title='bbox 1670 497 1763 532; x_wconf 76' lang='lat' dir='ltr'><strong>Fast.</strong></span> <span class='ocrx_word' id='word_1_240' title='bbox 1786 499 1817 532; x_wconf 86' lang='lat'><strong>2.</strong></span> <span class='ocrx_word' id='word_1_241' title='bbox 1841 498 1914 532; x_wconf 87' lang='grc'><strong>380.</strong></span> 
     </span>
     <span class='ocr_line' id='line_1_42' title="bbox 1543 575 1936 615; baseline 0.003 -9"><span class='ocrx_word' id='word_1_242' title='bbox 1543 576 1628 609; x_wconf 87' lang='lat' dir='ltr'><strong>Hor.</strong></span> <span class='ocrx_word' id='word_1_243' title='bbox 1651 575 1760 615; x_wconf 79' lang='lat' dir='ltr'><strong>Epist.</strong></span> <span class='ocrx_word' id='word_1_244' title='bbox 1781 575 1808 606; x_wconf 84' lang='lat'><strong>1.</strong></span> <span class='ocrx_word' id='word_1_245' title='bbox 1830 575 1861 606; x_wconf 91' lang='lat'><strong>1.</strong></span> <span class='ocrx_word' id='word_1_246' title='bbox 1884 575 1936 607; x_wconf 89' lang='grc'><strong>19.</strong></span> 
     </span>
     <span class='ocr_line' id='line_1_43' title="bbox 1544 653 1907 686; baseline -0.008 0"><span class='ocrx_word' id='word_1_247' title='bbox 1544 653 1645 686; x_wconf 84' lang='lat' dir='ltr'><strong>Ovid.</strong></span> <span class='ocrx_word' id='word_1_248' title='bbox 1667 653 1759 684; x_wconf 79' lang='lat' dir='ltr'><strong>Fast.</strong></span> <span class='ocrx_word' id='word_1_249' title='bbox 1783 654 1811 684; x_wconf 73' lang='grc' dir='ltr'><strong>δ·</strong></span> <span class='ocrx_word' id='word_1_250' title='bbox 1834 653 1907 684; x_wconf 81' lang='grc'><strong>353.</strong></span> 
     </span>
    </p>
   </div>
   <div class='ocr_carea' id='block_1_11' title="bbox 1544 807 1973 1152">
    <p class='ocr_par' dir='ltr' id='par_1_25' title="bbox 1544 807 1973 1152">
     <span class='ocr_line' id='line_1_44' title="bbox 1544 807 1972 847; baseline -0.002 -7"><span class='ocrx_word' id='word_1_251' title='bbox 1544 809 1646 842; x_wconf 83' lang='lat' dir='ltr'><strong>Mart.</strong></span> <span class='ocrx_word' id='word_1_252' title='bbox 1662 808 1777 847; x_wconf 79' lang='lat' dir='ltr'><strong>Epigr.</strong></span> <span class='ocrx_word' id='word_1_253' title='bbox 1800 807 1859 839; x_wconf 91' lang='lat' dir='ltr'><strong>VI.</strong></span> <span class='ocrx_word' id='word_1_254' title='bbox 1875 808 1926 839; x_wconf 85' lang='grc'><strong>63.</strong></span> <span class='ocrx_word' id='word_1_255' title='bbox 1941 808 1972 839; x_wconf 82' lang='grc'><strong>6.</strong></span> 
     </span>
     <span class='ocr_line' id='line_1_45' title="bbox 1551 885 1973 925; baseline -0.005 -7"><span class='ocrx_word' id='word_1_256' title='bbox 1551 886 1667 918; x_wconf 82' lang='lat' dir='ltr'><strong>Claud.</strong></span> <span class='ocrx_word' id='word_1_257' title='bbox 1690 888 1785 925; x_wconf 82' lang='lat' dir='ltr'><strong>nupt.</strong></span> <span class='ocrx_word' id='word_1_258' title='bbox 1808 885 1898 917; x_wconf 79' lang='lat' dir='ltr'><strong>Hon.</strong></span> <span class='ocrx_word' id='word_1_259' title='bbox 1921 885 1973 916; x_wconf 79' lang='lat'><strong>68.</strong></span> 
     </span>
     <span class='ocr_line' id='line_1_46' title="bbox 1549 962 1958 1003; baseline -0.002 -8"><span class='ocrx_word' id='word_1_260' title='bbox 1549 963 1631 995; x_wconf 87' lang='lat' dir='ltr'><strong>Hor.</strong></span> <span class='ocrx_word' id='word_1_261' title='bbox 1653 962 1761 1003; x_wconf 77' lang='lat' dir='ltr'><strong>Epist.</strong></span> <span class='ocrx_word' id='word_1_262' title='bbox 1783 963 1810 995; x_wconf 91' lang='lat'><strong>1.</strong></span> <span class='ocrx_word' id='word_1_263' title='bbox 1833 962 1884 994; x_wconf 88' lang='grc'><strong>18.</strong></span> <span class='ocrx_word' id='word_1_264' title='bbox 1908 962 1958 994; x_wconf 87' lang='grc'><strong>71.</strong></span> 
     </span>
     <span class='ocr_line' id='line_1_47' title="bbox 1548 1040 1958 1080; baseline -0.007 -7"><span class='ocrx_word' id='word_1_265' title='bbox 1548 1041 1631 1075; x_wconf 88' lang='lat' dir='ltr'><strong>Hor.</strong></span> <span class='ocrx_word' id='word_1_266' title='bbox 1654 1041 1762 1080; x_wconf 85' lang='lat' dir='ltr'><strong>Epist.</strong></span> <span class='ocrx_word' id='word_1_267' title='bbox 1784 1041 1808 1072; x_wconf 91' lang='lat'><strong>1.</strong></span> <span class='ocrx_word' id='word_1_268' title='bbox 1833 1040 1885 1075; x_wconf 92' lang='lat'><strong>10.</strong></span> <span class='ocrx_word' id='word_1_269' title='bbox 1908 1041 1958 1076; x_wconf 81' lang='grc'><strong>50,</strong></span> 
     </span>
     <span class='ocr_line' id='line_1_48' title="bbox 1549 1117 1972 1152; baseline -0.007 -1"><span class='ocrx_word' id='word_1_270' title='bbox 1549 1118 1648 1152; x_wconf 85' lang='lat' dir='ltr'><strong>Ovid.</strong></span> <span class='ocrx_word' id='word_1_271' title='bbox 1658 1127 1702 1150; x_wconf 85' lang='lat' dir='ltr'><strong>ex</strong></span> <span class='ocrx_word' id='word_1_272' title='bbox 1711 1119 1813 1152; x_wconf 83' lang='lat' dir='ltr'><strong>Pont.</strong></span> <span class='ocrx_word' id='word_1_273' title='bbox 1822 1117 1913 1150; x_wconf 84' lang='lat' dir='ltr'><strong>1v.2.</strong></span> <span class='ocrx_word' id='word_1_274' title='bbox 1922 1117 1972 1149; x_wconf 82' lang='grc'><strong>35.</strong></span> 
     </span>
    </p>
   </div>
   <div class='ocr_carea' id='block_1_12' title="bbox 1546 1273 1975 1465">
    <p class='ocr_par' dir='ltr' id='par_1_26' title="bbox 1546 1273 1975 1465">
     <span class='ocr_line' id='line_1_49' title="bbox 1548 1273 1974 1313; baseline -0.005 -7"><span class='ocrx_word' id='word_1_275' title='bbox 1548 1274 1632 1306; x_wconf 88' lang='lat' dir='ltr'><strong>Hor.</strong></span> <span class='ocrx_word' id='word_1_276' title='bbox 1655 1273 1762 1313; x_wconf 81' lang='lat' dir='ltr'><strong>Eplst.</strong></span> <span class='ocrx_word' id='word_1_277' title='bbox 1785 1274 1827 1306; x_wconf 91' lang='lat'><strong>11.</strong></span> <span class='ocrx_word' id='word_1_278' title='bbox 1849 1273 1880 1306; x_wconf 89' lang='grc'><strong>3.</strong></span> <span class='ocrx_word' id='word_1_279' title='bbox 1901 1274 1974 1305; x_wconf 81' lang='lat'><strong>296.</strong></span> 
     </span>
     <span class='ocr_line' id='line_1_50' title="bbox 1546 1351 1924 1385; baseline 0.005 -2"><span class='ocrx_word' id='word_1_280' title='bbox 1546 1352 1676 1383; x_wconf 86' lang='lat' dir='ltr'><strong>Auson.</strong></span> <span class='ocrx_word' id='word_1_281' title='bbox 1699 1351 1829 1384; x_wconf 79' lang='lat' dir='ltr'><strong>Mosen.</strong></span> <span class='ocrx_word' id='word_1_282' title='bbox 1852 1351 1924 1385; x_wconf 87' lang='grc'><strong>207.</strong></span> 
     </span>
     <span class='ocr_line' id='line_1_51' title="bbox 1547 1429 1975 1465; baseline 0.009 -5"><span class='ocrx_word' id='word_1_283' title='bbox 1547 1429 1677 1465; x_wconf 75' lang='lat' dir='ltr'><strong>Lucan.</strong></span> <span class='ocrx_word' id='word_1_284' title='bbox 1700 1430 1820 1464; x_wconf 73' lang='lat' dir='ltr'><strong>Pham.</strong></span> <span class='ocrx_word' id='word_1_285' title='bbox 1846 1430 1877 1464; x_wconf 89' lang='lat'><strong>8.</strong></span> <span class='ocrx_word' id='word_1_286' title='bbox 1900 1429 1975 1464; x_wconf 77' lang='lat'><strong>492.</strong></span> 
     </span>
    </p>
   </div>
   <div class='ocr_carea' id='block_1_13' title="bbox 1547 1659 1976 1774">
    <p class='ocr_par' dir='ltr' id='par_1_27' title="bbox 1547 1659 1976 1774">
     <span class='ocr_line' id='line_1_52' title="bbox 1547 1659 1975 1695; baseline -0.005 0"><span class='ocrx_word' id='word_1_287' title='bbox 1547 1663 1664 1695; x_wconf 83' lang='lat' dir='ltr'><strong>Manil.</strong></span> <span class='ocrx_word' id='word_1_288' title='bbox 1681 1659 1826 1694; x_wconf 83' lang='lat' dir='ltr'><strong>Astron.</strong></span> <span class='ocrx_word' id='word_1_289' title='bbox 1848 1661 1879 1693; x_wconf 76' lang='lat'><strong>4.</strong></span> <span class='ocrx_word' id='word_1_290' title='bbox 1902 1662 1975 1693; x_wconf 88' lang='grc'><strong>888.</strong></span> 
     </span>
     <span class='ocr_line' id='line_1_53' title="bbox 1549 1735 1976 1774; baseline -0.014 0"><span class='ocrx_word' id='word_1_291' title='bbox 1549 1741 1649 1774; x_wconf 84' lang='lat' dir='ltr'><strong>Ovid.</strong></span> <span class='ocrx_word' id='word_1_292' title='bbox 1672 1740 1746 1772; x_wconf 84' lang='lat' dir='ltr'><strong>Art.</strong></span> <span class='ocrx_word' id='word_1_293' title='bbox 1763 1735 1847 1772; x_wconf 85' lang='lat' dir='ltr'><strong>Am.</strong></span> <span class='ocrx_word' id='word_1_294' title='bbox 1860 1741 1890 1771; x_wconf 79' lang='lat'><strong>2.</strong></span> <span class='ocrx_word' id='word_1_295' title='bbox 1905 1739 1976 1770; x_wconf 83' lang='lat'><strong>603.</strong></span> 
     </span>
    </p>
   </div>
   <div class='ocr_carea' id='block_1_14' title="bbox 1548 1895 1976 2163">
    <p class='ocr_par' dir='ltr' id='par_1_28' title="bbox 1548 1895 1976 2163">
     <span class='ocr_line' id='line_1_54' title="bbox 1548 1895 1976 1936; baseline -0.007 -7"><span class='ocrx_word' id='word_1_296' title='bbox 1548 1898 1629 1929; x_wconf 91' lang='lat' dir='ltr'><strong>Hor.</strong></span> <span class='ocrx_word' id='word_1_297' title='bbox 1653 1896 1762 1936; x_wconf 82' lang='lat' dir='ltr'><strong>Epist.</strong></span> <span class='ocrx_word' id='word_1_298' title='bbox 1783 1895 1826 1928; x_wconf 90' lang='lat'><strong>11.</strong></span> <span class='ocrx_word' id='word_1_299' title='bbox 1849 1896 1879 1927; x_wconf 85' lang='lat'><strong>2.</strong></span> <span class='ocrx_word' id='word_1_300' title='bbox 1903 1895 1976 1927; x_wconf 83' lang='grc'><strong>198.</strong></span> 
     </span>
     <span class='ocr_line' id='line_1_55' title="bbox 1552 1973 1961 2016; baseline -0.007 -10"><span class='ocrx_word' id='word_1_301' title='bbox 1552 1976 1634 2007; x_wconf 87' lang='lat' dir='ltr'><strong>Hor.</strong></span> <span class='ocrx_word' id='word_1_302' title='bbox 1658 1974 1766 2014; x_wconf 83' lang='lat' dir='ltr'><strong>Epist.</strong></span> <span class='ocrx_word' id='word_1_303' title='bbox 1795 1974 1821 2006; x_wconf 91' lang='lat'><strong>1.</strong></span> <span class='ocrx_word' id='word_1_304' title='bbox 1846 1974 1887 2016; x_wconf 69' lang='grc' dir='ltr'><strong>ι6.</strong></span> <span class='ocrx_word' id='word_1_305' title='bbox 1910 1973 1961 2005; x_wconf 80' lang='lat'><strong>45.</strong></span> 
     </span>
     <span class='ocr_line' id='line_1_56' title="bbox 1550 2051 1976 2086; baseline -0.005 -2"><span class='ocrx_word' id='word_1_306' title='bbox 1550 2052 1650 2085; x_wconf 81' lang='lat' dir='ltr'><strong>Ovid:</strong></span> <span class='ocrx_word' id='word_1_307' title='bbox 1662 2052 1780 2083; x_wconf 84' lang='lat' dir='ltr'><strong>Amor.</strong></span> <span class='ocrx_word' id='word_1_308' title='bbox 1793 2051 1852 2084; x_wconf 90' lang='lat'><strong>111.</strong></span> <span class='ocrx_word' id='word_1_309' title='bbox 1869 2052 1976 2086; x_wconf 66' lang='lat'><strong>1241.</strong></span> 
     </span>
     <span class='ocr_line' id='line_1_57' title="bbox 1553 2130 1883 2163; baseline -0.012 0"><span class='ocrx_word' id='word_1_310' title='bbox 1553 2131 1654 2163; x_wconf 86' lang='lat' dir='ltr'><strong>Ovid.</strong></span> <span class='ocrx_word' id='word_1_311' title='bbox 1677 2131 1757 2162; x_wconf 79' lang='lat' dir='ltr'><strong>Her.</strong></span> <span class='ocrx_word' id='word_1_312' title='bbox 1780 2130 1810 2162; x_wconf 82' lang='lat'><strong>2.</strong></span> <span class='ocrx_word' id='word_1_313' title='bbox 1833 2130 1883 2161; x_wconf 81' lang='grc'><strong>85.</strong></span> 
     </span>
    </p>
   </div>
   <div class='ocr_carea' id='block_1_15' title="bbox 1551 2285 1979 2707">
    <p class='ocr_par' dir='ltr' id='par_1_29' title="bbox 1551 2285 1979 2707">
     <span class='ocr_line' id='line_1_58' title="bbox 1553 2285 1914 2326; baseline -0.011 -7"><span class='ocrx_word' id='word_1_314' title='bbox 1553 2287 1656 2326; x_wconf 84' lang='lat' dir='ltr'><strong>Verg.</strong></span> <span class='ocrx_word' id='word_1_315' title='bbox 1678 2285 1766 2318; x_wconf 79' lang='lat' dir='ltr'><strong>Aen.</strong></span> <span class='ocrx_word' id='word_1_316' title='bbox 1788 2285 1819 2317; x_wconf 75' lang='lat'><strong>4.</strong></span> <span class='ocrx_word' id='word_1_317' title='bbox 1841 2285 1914 2316; x_wconf 73' lang='lat'><strong>625.</strong></span> 
     </span>
     <span class='ocr_line' id='line_1_59' title="bbox 1553 2362 1975 2403; baseline -0.002 -7"><span class='ocrx_word' id='word_1_318' title='bbox 1553 2364 1683 2396; x_wconf 86' lang='lat' dir='ltr'><strong>Auson.</strong></span> <span class='ocrx_word' id='word_1_319' title='bbox 1693 2363 1783 2403; x_wconf 77' lang='lat' dir='ltr'><strong>Sept.</strong></span> <span class='ocrx_word' id='word_1_320' title='bbox 1793 2362 1869 2403; x_wconf 78' lang='lat' dir='ltr'><strong>Sap.</strong></span> <span class='ocrx_word' id='word_1_321' title='bbox 1879 2362 1975 2395; x_wconf 82' lang='lat' dir='ltr'><strong>s.8.7.</strong></span> 
     </span>
     <span class='ocr_line' id='line_1_60' title="bbox 1551 2439 1979 2479; baseline -0.009 -5"><span class='ocrx_word' id='word_1_322' title='bbox 1551 2441 1652 2474; x_wconf 78' lang='lat' dir='ltr'><strong>Ovid.</strong></span> <span class='ocrx_word' id='word_1_323' title='bbox 1674 2444 1749 2479; x_wconf 74' lang='lat' dir='ltr'><strong>Art,</strong></span> <span class='ocrx_word' id='word_1_324' title='bbox 1764 2440 1843 2472; x_wconf 80' lang='lat' dir='ltr'><strong>Am.</strong></span> <span class='ocrx_word' id='word_1_325' title='bbox 1860 2441 1888 2472; x_wconf 91' lang='lat'><strong>1.</strong></span> <span class='ocrx_word' id='word_1_326' title='bbox 1904 2439 1979 2476; x_wconf 76' lang='lat'><strong>63⁶.</strong></span> 
     </span>
     <span class='ocr_line' id='line_1_61' title="bbox 1555 2518 1942 2559; baseline -0.005 -8"><span class='ocrx_word' id='word_1_327' title='bbox 1555 2520 1656 2559; x_wconf 83' lang='lat' dir='ltr'><strong>Prop.</strong></span> <span class='ocrx_word' id='word_1_328' title='bbox 1679 2519 1731 2552; x_wconf 85' lang='lat' dir='ltr'><strong>El.</strong></span> <span class='ocrx_word' id='word_1_329' title='bbox 1754 2519 1813 2551; x_wconf 88' lang='lat'><strong>111.</strong></span> <span class='ocrx_word' id='word_1_330' title='bbox 1837 2518 1888 2550; x_wconf 77' lang='lat'><strong>84.</strong></span> <span class='ocrx_word' id='word_1_331' title='bbox 1913 2518 1942 2549; x_wconf 86' lang='grc'><strong>3.</strong></span> 
     </span>
     <span class='ocr_line' id='line_1_62' title="bbox 1554 2595 1978 2629; baseline -0.005 0"><span class='ocrx_word' id='word_1_332' title='bbox 1554 2596 1654 2629; x_wconf 77' lang='lat' dir='ltr'><strong>Ovid.</strong></span> <span class='ocrx_word' id='word_1_333' title='bbox 1678 2597 1777 2628; x_wconf 74' lang='lat' dir='ltr'><strong>Trist.</strong></span> <span class='ocrx_word' id='word_1_334' title='bbox 1799 2595 1859 2628; x_wconf 90' lang='lat' dir='ltr'><strong>1v.</strong></span> <span class='ocrx_word' id='word_1_335' title='bbox 1882 2595 1910 2626; x_wconf 81' lang='lat'><strong>8.</strong></span> <span class='ocrx_word' id='word_1_336' title='bbox 1927 2595 1978 2627; x_wconf 79' lang='grc'><strong>38.</strong></span> 
     </span>
     <span class='ocr_line' id='line_1_63' title="bbox 1552 2666 1964 2707; baseline -0.007 0"><span class='ocrx_word' id='word_1_337' title='bbox 1552 2675 1611 2707; x_wconf 84' lang='lat' dir='ltr'><strong>su.</strong></span> <span class='ocrx_word' id='word_1_338' title='bbox 1634 2674 1707 2707; x_wconf 69' lang='lat' dir='ltr'><strong>nal.</strong></span> <span class='ocrx_word' id='word_1_339' title='bbox 1732 2666 1824 2706; x_wconf 76' lang='lat' dir='ltr'><strong>Pun.</strong></span> <span class='ocrx_word' id='word_1_340' title='bbox 1841 2674 1871 2706; x_wconf 74' lang='lat'><strong>4.</strong></span> <span class='ocrx_word' id='word_1_341' title='bbox 1895 2673 1964 2704; x_wconf 75' lang='lat' dir='ltr'><strong>eoa</strong></span> 
     </span>
    </p>
   </div>
   <div class='ocr_carea' id='block_1_16' title="bbox 1549 2828 1979 2947">
    <p class='ocr_par' dir='ltr' id='par_1_30' title="bbox 1549 2828 1979 2947">
     <span class='ocr_line' id='line_1_64' title="bbox 1550 2828 1978 2869; baseline -0.009 -6"><span class='ocrx_word' id='word_1_342' title='bbox 1550 2830 1651 2863; x_wconf 74' lang='lat' dir='ltr'><strong>Mart.</strong></span> <span class='ocrx_word' id='word_1_343' title='bbox 1673 2829 1789 2869; x_wconf 66' lang='lat' dir='ltr'><strong>Epigr.</strong></span> <span class='ocrx_word' id='word_1_344' title='bbox 1812 2829 1855 2861; x_wconf 86' lang='lat' dir='ltr'><strong>v.</strong></span> <span class='ocrx_word' id='word_1_345' title='bbox 1875 2828 1925 2860; x_wconf 73' lang='lat'><strong>42.</strong></span> <span class='ocrx_word' id='word_1_346' title='bbox 1949 2828 1978 2859; x_wconf 77' lang='grc' dir='ltr'><strong>τ.</strong></span> 
     </span>
     <span class='ocr_line' id='line_1_65' title="bbox 1549 2906 1979 2947; baseline -0.002 -7"><span class='ocrx_word' id='word_1_347' title='bbox 1549 2908 1642 2942; x_wconf 68' lang='lat' dir='ltr'><strong>Max.</strong></span> <span class='ocrx_word' id='word_1_348' title='bbox 1656 2907 1774 2947; x_wconf 75' lang='lat' dir='ltr'><strong>(Gaii.)</strong></span> <span class='ocrx_word' id='word_1_349' title='bbox 1791 2906 1844 2941; x_wconf 74' lang='lat' dir='ltr'><strong>m.</strong></span> <span class='ocrx_word' id='word_1_350' title='bbox 1856 2907 1885 2938; x_wconf 92' lang='lat'><strong>1.</strong></span> <span class='ocrx_word' id='word_1_351' title='bbox 1906 2906 1979 2939; x_wconf 79' lang='lat'><strong>105.</strong></span> 
     </span>
    </p>
   </div>
   <div class='ocr_carea' id='block_1_17' title="bbox 1543 2980 1978 3067">
    <p class='ocr_par' dir='ltr' id='par_1_31' title="bbox 1543 2980 1978 3067">
     <span class='ocr_line' id='line_1_66' title="bbox 1543 2980 1978 3025; baseline -0.005 -8"><span class='ocrx_word' id='word_1_352' title='bbox 1543 2980 1903 3025; x_wconf 70' lang='lat' dir='ltr'><strong>(Alcaeus-ap.Plut.de</strong></span> <span class='ocrx_word' id='word_1_353' title='bbox 1912 2982 1978 3015; x_wconf 77' lang='lat' dir='ltr'><strong>det.</strong></span> 
     </span>
     <span class='ocr_line' id='line_1_67' title="bbox 1550 3026 1978 3067; baseline -0.009 -7"><span class='ocrx_word' id='word_1_354' title='bbox 1550 3037 1597 3060; x_wconf 84' lang='lat' dir='ltr'><strong>or.</strong></span> <span class='ocrx_word' id='word_1_355' title='bbox 1611 3028 1640 3061; x_wconf 89' lang='grc'><strong>3.</strong></span> <span class='ocrx_word' id='word_1_356' title='bbox 1656 3027 1862 3067; x_wconf 74' lang='lat' dir='ltr'><strong>Diogenum.</strong></span> <span class='ocrx_word' id='word_1_357' title='bbox 1875 3026 1978 3066; x_wconf 66' lang='grc' dir='ltr'><strong>ῠ.15-,)</strong></span> 
     </span>
    </p>
   </div>
   <div class='ocr_carea' id='block_1_18' title="bbox 1553 3129 1914 3250">
    <p class='ocr_par' dir='ltr' id='par_1_32' title="bbox 1553 3129 1914 3250">
     <span class='ocr_line' id='line_1_68' title="bbox 1553 3129 1878 3166; baseline -0.012 -1"><span class='ocrx_word' id='word_1_358' title='bbox 1553 3133 1634 3166; x_wconf 62' lang='lat' dir='ltr'><strong>amr.</strong></span> <span class='ocrx_word' id='word_1_359' title='bbox 1657 3131 1730 3164; x_wconf 77' lang='lat' dir='ltr'><strong>Sat.</strong></span> <span class='ocrx_word' id='word_1_360' title='bbox 1753 3131 1783 3162; x_wconf 81' lang='grc'><strong>8.</strong></span> <span class='ocrx_word' id='word_1_361' title='bbox 1807 3129 1878 3161; x_wconf 87' lang='grc'><strong>199.</strong></span> 
     </span>
     <span class='ocr_line' id='line_1_69' title="bbox 1555 3207 1914 3250; baseline -0.014 -7"><span class='ocrx_word' id='word_1_362' title='bbox 1555 3211 1657 3250; x_wconf 82' lang='lat' dir='ltr'><strong>Verg.</strong></span> <span class='ocrx_word' id='word_1_363' title='bbox 1682 3209 1767 3240; x_wconf 81' lang='lat' dir='ltr'><strong>Aen.</strong></span> <span class='ocrx_word' id='word_1_364' title='bbox 1789 3208 1818 3247; x_wconf 75' lang='grc'><strong>6.</strong></span> <span class='ocrx_word' id='word_1_365' title='bbox 1843 3207 1914 3240; x_wconf 84' lang='grc'><strong>126.</strong></span> 
     </span>
    </p>
   </div>
   <div class='ocr_carea' id='block_1_19' title="bbox 1557 3362 1977 3400">
    <p class='ocr_par' dir='ltr' id='par_1_33' title="bbox 1557 3362 1977 3400">
     <span class='ocr_line' id='line_1_70' title="bbox 1557 3362 1977 3400; baseline -0.014 -1"><span class='ocrx_word' id='word_1_366' title='bbox 1557 3365 1656 3400; x_wconf 83' lang='lat' dir='ltr'><strong>ovid.</strong></span> <span class='ocrx_word' id='word_1_367' title='bbox 1675 3364 1749 3398; x_wconf 77' lang='lat' dir='ltr'><strong>Art.</strong></span> <span class='ocrx_word' id='word_1_368' title='bbox 1765 3363 1844 3397; x_wconf 80' lang='lat' dir='ltr'><strong>Am.</strong></span> <span class='ocrx_word' id='word_1_369' title='bbox 1868 3362 1977 3395; x_wconf 70' lang='lat' dir='ltr'><strong>mlo.</strong></span> 
     </span>
    </p>
   </div>
  </div>
 </body>
</html>
