2164 3666
821 173 919 179 —-.
995 151 1196 200 6——

75 303 158 346 120
188 301 428 346 Commune
458 301 544 345 hoc
572 300 728 344 vitium
759 305 846 344 est:
876 299 951 344 hic
979 300 1166 345 vivimus
1197 300 1433 346 ambitiosa

186 384 450 434 paupertate
482 391 647 423 omnes.

187 462 377 507 Condita
407 462 573 519 (quum)
604 475 739 506 verax
769 462 912 519 aperit
941 462 1204 518 praecordia
1231 463 1380 508 Liber.

187 546 338 591 Condo
369 554 413 590 et
444 561 658 603 compono
690 561 804 603 quae
834 561 937 591 mox
967 547 1226 603 depromere
1256 549 1436 604 possim.

188 631 394 689 Confugit
422 632 645 676 interdum
674 632 828 688 templi
857 632 1045 676 violator
1074 632 1132 676 ad
1162 646 1297 689 aram,

270 723 352 753 nec
381 715 534 765 petere
566 709 723 753 offensi
754 710 947 754 numinis
978 710 1132 754 horret
1163 724 1305 766 opem.

187 795 376 838 Conscia
404 808 529 839 mens
559 795 670 838 recti
700 795 845 838 famae
875 795 1108 838 mendacia
1140 795 1259 838 risit:

272 872 350 916 sed
378 886 460 917 nos
490 873 537 916 in
566 873 722 915 vitium
752 873 934 916 credula
962 873 1094 916 turba
1123 886 1289 916 sumus.

76 959 155 1000 125
187 956 376 1001 Conscia
404 971 529 1001 1116118
559 963 609 1000 ut
639 959 797 1013 cuique
829 970 910 1001 sua
939 963 1018 1013 est,
1049 958 1114 1002 ita
1134 958 1328 1013 concipit
1356 958 1475 1002 intra

269 1041 453 1091 pectora
481 1049 561 1091 pro
592 1036 711 1080 facto
742 1049 952 1092 spemque
984 1042 1236 1091 metumque
1267 1049 1359 1080 suo.

189 1120 402 1164 Conscius
433 1121 528 1176 ipse
560 1121 645 1164 sibi
677 1121 731 1164 de
763 1133 809 1164 se
839 1126 967 1176 putat
997 1120 1146 1164 omnia
1174 1120 1274 1165 dici.

190 1206 433 1249 Consilium
463 1207 592 1250 nobis
622 1219 781 1261 resque
812 1206 1024 1260 locusque
1054 1205 1235 1249 dabunt.

189 1290 378 1334 Consule
410 1290 509 1345 quis
541 1296 664 1334 aetas
695 1291 828 1346 longa
856 1292 1072 1347 magistra
1100 1291 1198 1336 fuit.

191 1375 473 1430 Conspicitur
502 1388 727 1431 nunquam
758 1377 941 1420 meliore
971 1377 1172 1432 potentia
1202 1390 1350 1432 causa,

275 1467 407 1508 quam
438 1453 612 1508 quoties
642 1467 778 1498 vanas
808 1468 898 1498 non
929 1455 1035 1498 sinit
1066 1469 1162 1499 esse
1192 1467 1361 1510 preces.

76 1541 159 1582 130
189 1572 199 1582 .
218 1573 255 1582 ..
289 1538 566 1582 Contendere
598 1538 755 1582 durum
786 1545 855 1583 est
886 1539 995 1582 Cum
1026 1540 1204 1584 victore.

188 1624 352 1668 Contra
381 1624 592 1668 verbosos
622 1624 715 1667 noli
746 1624 1014 1668 contendere
1044 1625 1210 1669 verbis:

187 1716 332 1746 sermo
363 1702 495 1745 datur
525 1702 688 1757 multis,
721 1702 857 1745 animi
888 1702 1110 1757 sapientia
1137 1702 1304 1758 paucis.

187 1780 398 1824 Contudit
427 1780 653 1834 ingenium
683 1780 900 1834 patientia
928 1781 1060 1835 longa
1089 1781 1304 1824 laborum.

188 1858 463 1901 Conveniens
494 1858 662 1901 homini
694 1863 761 1900 est
789 1858 1013 1902 hominem
1045 1871 1220 1902 servare
1249 1858 1465 1913 voluptas.

188 1935 429 1979 Conveniet
459 1936 570 1978 nulli
601 1935 676 1990 qui
708 1949 856 1979 secum
889 1936 1076 1980 dissidet-
1105 1937 1214 1992 ipse.

79 2015 157 2056 135
189 2013 386 2069 Corpora
417 2013 633 2057 debentur
663 2014 844 2058 maestis
875 2014 1119 2069 exsanguia
1148 2013 1313 2058 bustis:

275 2091 492 2146 effugiunt
523 2096 714 2135 structos
746 2105 907 2136 nomen
938 2092 1169 2148 honorque
1200 2103 1344 2146 rogos.

189 2168 419 2223 Cori-igere
451 2175 496 2212 at
525 2183 597 2212 res
629 2175 696 2212 est
725 2174 850 2213 tanto
882 2170 1023 2224 magis
1054 2168 1207 2223 ardua,
1239 2173 1406 2223 quanto

274 2260 458 2302 magnus
489 2247 752 2299 Aristaecho
786 2247 926 2302 major
955 2247 1176 2290 Homerus
1206 2251 1315 2289 erat.

189 2358 199 2368 .
219 2358 228 2367 .
247 2357 256 2367 .
275 2323 462 2369 Crambe
493 2326 685 2380 repetita
717 2326 800 2370 vid.
834 2325 1021 2369 Occidit.

191 2402 438 2446 ...Credat
467 2402 666 2446 Judaeus
696 2403 870 2458 Apella,
902 2402 1002 2446 Non
1034 2415 1127 2458 ego.

190 2480 331 2524 Crede
362 2481 485 2536 mihi,
517 2482 629 2525 bene
660 2482 735 2536 qui
766 2481 909 2535 latuit,
941 2481 1052 2524 bene
1082 2480 1205 2534 vixit,
1237 2485 1282 2522 et
1312 2480 1430 2522 intra

275 2558 497 2602 fortunam
528 2558 661 2602 debet
692 2559 877 2614 quisque
909 2570 1086 2601 manere
1118 2571 1256 2601 suam.

190 2635 484 2692 Credemihi,
516 2637 688 2680 miseris
721 2636 931 2680 coelestia
959 2635 1142 2679 numina
1170 2639 1372 2690 parcunt,

275 2727 355 2758 nec
387 2727 560 2769 semper
589 2715 732 2758 laesos
764 2719 808 2757 et
839 2714 934 2757 sine
963 2713 1051 2757 fine
1080 2719 1298 2768 premunt.

79 2794 160 2834 140
190 2791 330 2834 Crede
361 2792 483 2846 mihi,
514 2792 700 2835 miseros
730 2791 968 2847 prudentia
997 2791 1142 2846 prima
1171 2790 1394 2845 relinquit.

191 2868 330 2913 Crede
360 2869 482 2923 mihi,
513 2869 613 2924 plus
645 2875 725 2924 est,
757 2882 888 2924 quam
919 2868 1036 2923 quod
1066 2867 1281 2923 videatur,
1313 2868 1470 2923 imago.

191 2946 331 2990 Crede
363 2947 485 3002 mihi,
518 2947 716 3002 quamvis
748 2947 956 3002 ingentia,
989 2945 1242 3000 Posthume‚
1275 2944 1392 2989 dona

277 3025 472 3068 auctoris
502 3031 690 3080 pereunt
719 3024 979 3080 garrulitate
1011 3024 1092 3067 sui.

192 3102 332 3145 Crede
363 3102 486 3157 mihi,
518 3116 590 3146 res
622 3109 690 3146 est
721 3103 951 3157 ingeniosa
980 3101 1099 3144 dare.

192 3179 396 3234 Credere,
427 3186 643 3235 pastores,
675 3180 844 3223 levibus
875 3179 1012 3222 nolite
1044 3178 1217 3234 puellis.

82 3260 161 3302 145
193 3257 383 3312 Credite,
415 3257 613 3301 credenti
644 3258 768 3300 nulla
798 3258 994 3313 procella
1024 3262 1166 3301 nocet.
1210 3313 1213 3318 Ι

193 3334 384 3379 Credula
413 3347 484 3379 res
516 3348 640 3379 amor
670 3339 750 3379 est.

1516 313 1597 347 Juv.
1620 313 1691 346 Sat,
1714 314 1747 345 8:
1766 314 1839 350 182.

1516 476 1598 508 Hor.
1622 476 1691 508 sat.
1714 477 1740 511 Ι.
1763 478 1795 512 4.
1818 477 1869 508 89.

1516 561 1600 594 Hor.
1622 560 1731 600 Epist.
1754 561 1781 607 1.
1805 539 1845 597 1.
1859 550 1910 596 12.

1518 644 1619 680 Ovid.
1632 654 1676 677 ex
1686 645 1787 678 Pont.
1803 646 1884 681 112.
1893 647 1945 682 27.

1519 806 1620 842 ovid.
1645 807 1734 840 Fast.
1757 808 1788 840 4.
1815 809 1889 844 311.

1524 968 1624 1005 Ovid.
1647 969 1739 1006 Fast.
1763 972 1794 1006 1.
1817 972 1891 1006 485.

1519 1134 1622 1165 Dion.
1646 1133 1721 1168 Cat.
1745 1135 1834 1167 Dist.
1851 1135 1879 1167 l.
1896 1136 1948 1170 17.

1525 1217 1627 1254 Ovid.
1648 1218 1770 1254 Amor.
1794 1220 1821 1254 Ι.
1855 1220 1887 1255 4.
1908 1221 1950 1253 54

1517 1303 1617 1335 Ovid.
1642 1305 1722 1339 Her.
1746 1305 1776 1340 5.
1800 1305 1851 1336 96.

1524 1388 1625 1424 Ovid.
1634 1398 1678 1421 ex
1688 1391 1790 1426 Pont.
1803 1392 1846 1426 11.
1855 1392 1884 1423 9-
1897 1393 1950 1426 15.

1521 1548 1604 1580 Hor.
1627 1547 1696 1579 Sat.
1719 1547 1746 1582 1.
1769 1547 1799 1578 9.
1825 1547 1875 1579 42.

1518 1633 1622 1665 Dion.
1641 1632 1715 1666 cat.
1737 1633 1824 1669 Dia,
1847 1633 1877 1664 1.
1900 1633 1951 1664 10.

1527 1790 1627 1822 ovid.
1651 1790 1755 1823 Trist.
1770 1788 1812 1824 V.
1837 1789 1889 1822 12.
1905 1789 1944 1820 31

1526 1867 1792 1902 ovid.ex1‘ont.
1811 1867 1852 1899 11.
1861 1867 1891 1897 9.
1901 1867 1952 1912 39.

1521 1948 1623 1978 Dion.
1646 1945 1720 1978 Cat
1742 1945 1830 1977 Dist.
1853 1945 1882 1976 1.
1906 1944 1937 1978 4.

1523 2023 1622 2056 Ovid.
1631 2033 1675 2055 ex
1685 2023 1786 2055 Pont.
1794 2023 1852 2055 111.
1860 2023 1890 2057 2.
1902 2022 1953 2053 31.

1522 2180 1624 2214 Ovid.
1636 2188 1679 2211 ex
1688 2180 1791 2211 Pont.
1801 2178 1859 2210 m.
1868 2178 1951 2212 9:23.

1528 2413 1611 2447 Hor.
1636 2412 1704 2446 Sat.
1726 2412 1753 2445 1.
1776 2412 1807 2445 5.
1831 2412 1903 2446 100.

1525 2491 1627 2526 ovid.
1650 2491 1752 2523 Trist-
1776 2489 1835 2522 111:
1857 2489 1954 2522 125.

1523 2647 1623 2681 Ovid.
1633 2656 1676 2679 ex
1686 2647 1789 2679 Pont.
1799 2645 1858 2679 111.
1867 2645 1938 2676 621
1945 2667 1953 2676 .

1521 2803 1620 2835 Ovld-
1630 2812 1674 2835 ex
1685 2800 1954 2836 Pont.1v.12.47.

1521 2881 1622 2914 Ovid.
1646 2881 1725 2912 ner.
1750 2879 1799 2911 18.
1824 2879 1898 2913 155.

1523 2959 1624 2991 Mart.
1648 2957 1763 2998 Epigr.
1785 2957 1829 2990 V.
1855 2957 1906 2990 52.
1923 2955 1953 2989 7.

1528 3114 1618 3147 Ovid
1652 3113 1772 3146 Amor.
1804 3113 1828 3148 1,
1851 3112 1879 3148 8,
1903 3111 1953 3143 62.

1526 3192 1621 3231 Calp.
1642 3190 1712 3222 Ecl.
1737 3191 1765 3221 8.
1787 3189 1838 3221 90.

1530 3268 1631 3302 ovid.
1642 3268 1759 3302 Amor.
1777 3267 1818 3299 11.
1836 3267 1884 3298 11-
1903 3266 1953 3297 22.

1526 3345 1757 3380 osannam.
1764 3343 1952 3379 11613326.
