2164 3666
851 160 1250 239 *ut-

212 338 341 382 Felix
372 339 446 394 qui
478 339 595 394 quod
626 344 746 383 amat
775 339 1014 385 defendere
1044 338 1221 383 fortiter
1250 339 1396 384 audet.
1548 353 1650 388 ovid.
1661 354 1778 390 Amor.
1795 354 1837 386 11.
1854 355 1882 385 5.
1900 355 1930 386 9.

214 415 427 459 ...Felix
459 429 506 461 se
537 418 679 461 nescit
709 417 862 460 amari.
1542 431 1671 463 Lucan.
1695 432 1812 463 phars.
1836 432 1865 463 8.
1890 432 1961 464 728.

97 494 183 535 320
213 492 398 536 Femina
417 498 578 537 natura
607 495 776 537 varium
808 500 852 538 et
883 495 1095 539 mutabile
1127 508 1313 551 semper.
1543 509 1677 543 Comen.
1701 509 1786 542 Gan.
1810 509 1860 541 El.
1885 511 1937 547 21.

210 569 420 614 Fertilior
450 583 576 625 seges
608 576 675 615 est
705 571 862 616 alienis
894 585 1068 628 semper
1097 573 1142 616 in
1174 573 1305 628 agris,
1543 586 1734 618 ovid.Art.
1756 586 1834 618 Am.
1852 587 1879 618 1.
1895 587 1967 619 34⁹.

296 647 574 703 vicinumque
606 662 739 704 pecus
771 650 981 703 grandius
1012 651 1122 695 uber
1151 650 1300 694 habet.

211 723 392 768 Fertilis
423 725 603 769 assiduo
635 726 672 770 si
703 740 792 770 non
821 732 1058 771 renovetur
1088 733 1235 771 aratro
1541 741 1640 772 ovid.
1664 742 1764 774 Trist-
1788 742 1830 774 v.
1853 743 1898 777 12.
1915 742 1968 775 23.

295 801 362 844 nil
391 802 480 846 nisi
511 816 610 846 cum
643 804 782 858 spinis
814 817 996 859 gramen
1026 805 1211 850 habebit
1240 818 1365 860 ager:

210 884 410 935 tempore
440 881 515 935 qui
546 881 678 936 longo
709 882 895 937 steterit,
927 883 1042 926 male
1073 889 1221 927 curret
1251 888 1296 927 et
1325 883 1441 926 inter

295 958 550 1002 carceribus
582 959 740 1002 missos
771 959 953 1003 ultimus
985 960 1068 1003 ibit
1099 973 1259 1015 equos:

210 1034 396 1077 vertitur
425 1035 471 1078 in
501 1041 702 1080 teneram
732 1038 896 1080 cariem
927 1038 1138 1093 rimisque
1169 1038 1374 1094 dehiscit,

296 1112 333 1155 si
365 1126 452 1167 qua
481 1113 558 1156 diu
588 1114 731 1157 solitis
762 1115 920 1170 cymba
949 1115 1120 1159 vacavit
1149 1117 1290 1171 aquis.

209 1188 394 1233 Festina
423 1191 560 1235 lent-e!
1545 1205 1685 1237 Sueton.
1708 1204 1830 1238 θεων.
1853 1207 1904 1238 25.

208 1266 337 1310 Ficta
367 1269 605 1324 voluptatis
637 1283 772 1315 eausa
802 1271 891 1315 sint
920 1272 1124 1327 proxima
1154 1271 1283 1326 veris,
1540 1283 1624 1318 1-10r.
1646 1282 1754 1323 Epist.
1776 1284 1820 1318 11.
1843 1285 1871 1316 3.
1897 1285 1969 1320 338.

207 1357 302 1400 nec,
334 1345 627 1402 quodcunque
656 1348 787 1403 volet,
819 1353 976 1403 poscat
1008 1349 1095 1392 sibi
1127 1349 1280 1392 fabula
1311 1348 1446 1393 credi.

209 1422 400 1478 Fingere
431 1424 507 1479 qui
537 1437 626 1469 non
657 1426 752 1469 visa
782 1431 932 1482 potest
963 1427 1043 1470 vid.
1075 1427 1334 1471 Absentem.

93 1502 177 1544 325
210 1499 363 1544 Firma
382 1501 532 1545 valent
551 1515 633 1558 per
663 1516 710 1547 se
731 1503 988 1559 nullumque
1009 1504 1263 1548 Machaona
1283 1511 1526 1561 quaerunt3
1545 1515 1699 1550 Ov1<1.ex
1709 1517 1922 1552 Pont.n1.4.
1940 1519 1969 1550 7.

294 1578 350 1621 ad
381 1579 597 1623 medicam
628 1580 789 1625 dubius
821 1582 1020 1637 confugit
1051 1596 1183 1638 aeger
1213 1595 1357 1638 opem.

207 1655 384 1700 Fistula
414 1656 542 1701 dulce
575 1658 695 1701 canit
723 1659 923 1703 volucres
955 1659 1060 1703 dum
1090 1660 1256 1716 decipit
1287 1673 1462 1716 auceps.
1542 1673 1645 1707 Dion.
1668 1672 1742 1704 cat.
1765 1673 1854 1706 [nst.
1871 1673 1899 1704 1.
1916 1673 1968 1704 2⁷.

207 1733 409 1777 Flamma
437 1748 592 1779 recens
623 1750 757 1791 parsa
787 1750 942 1792 sparsa
971 1738 1138 1782 resedit
1168 1751 1296 1793 aqua.
1541 1749 1642 1781 ovid.
1665 1750 1744 1782 ner.
1768 1750 1819 1784 17.
1844 1751 1915 1782 190.

206 1809 379 1854 Flebile
409 1813 523 1867 prin«
540 1813 678 1868 ipium
709 1815 867 1858 melior
896 1815 1074 1859 fortuna
1105 1821 1258 1859 secuta
1288 1821 1368 1860 est.
1542 1827 1642 1859 Ovm.
1665 1828 1747 1862 Met.
1771 1828 1896 1861 251⁸.

207 1888 410 1933 Flectere
442 1890 479 1934 si
509 1903 680 1945 nequeo
713 1891 918 1949 Superos,
952 1893 1208 1937 Acheronta
1238 1893 1434 1938 movebo.
1541 1905 1643 1946 νοτε.
1666 1905 1754 1940 Aen.
1776 1907 1803 1941 7.
1825 1908 1894 1940 312-

94 1968 180 2010 330
209 1966 428 2010 Flectitur
458 1968 597 2012 iratus
628 1983 734 2013 voce
765 1976 948 2025 rogante
980 1970 1100 2014 deus.
1546 1982 1644 2015 Ovid.
1661 1983 1734 2016 Art.
1751 1980 1835 2016 Am.
1851 1984 1880 2016 1.
1895 1985 1968 2016 442.

206 2044 440 2090 Fluctibus
472 2047 520 2089 in
549 2046 707 2090 mediis
738 2061 908 2104 navem,
940 2048 1162 2104 Palinure,
1194 2049 1443 2105 relinquis?
1548 2061 1648 2093 ovid.
1673 2061 1834 2096 Tristv-
1857 2063 1887 2096 6.
1905 2063 1933 2094 ⁷.

292 2136 347 2166 ne
378 2123 493 2179 fuge,
524 2136 633 2167 neve
664 2130 741 2168 tua
772 2126 829 2169 sit
859 2126 1002 2170 minor
1032 2132 1126 2170 arte
1157 2125 1281 2170 fides.

207 2200 405 2244 Foenum
437 2201 572 2245 habet
602 2202 647 2244 in
679 2215 827 2259 cornu,
858 2204 988 2259 longe
1019 2203 1142 2259 fuge!
1542 2217 1624 2250 nor.
1649 2217 1717 2250 sat.
1741 2217 1767 2251 1.
1790 2217 1821 2250 4.
1846 2217 1898 2252 34.

207 2278 371 2322 Forma
382 2279 544 2322 bonum
555 2278 711 2335 fragile
723 2286 802 2336 est,
815 2287 1116 2336 quantumque
1129 2281 1301 2325 accedit
1314 2281 1368 2325 ad
1384 2295 1522 2326 annos
1539 2294 1639 2327 ovid.
1663 2294 1738 2330 Art.
1766 2295 1844 2327 Am.
1856 2295 1967 2330 2113.

292 2354 343 2398 fit
373 2356 518 2400 minor
547 2362 591 2400 et
623 2358 766 2413 spatio
798 2359 997 2414 carpitur
1027 2359 1126 2414 ipsa
1157 2371 1248 2402 suc.

208 2446 290 2477 nec
320 2433 462 2478 violae
495 2448 670 2490 sempor
699 2449 781 2479 nec
812 2436 985 2479 hiantia
1015 2437 1110 2479 lilia
1140 2435 1314 2492 florent,

292 2516 336 2554 et
365 2512 483 2566 riget
513 2512 679 2556 amissa
710 2514 840 2568 spina
869 2514 1028 2558 relicta
1057 2527 1172 2557 rosa.

235 2594 279 2632 et
309 2588 390 2632 tibi
414 2589 508 2644 jam
540 2590 638 2632 cani
665 2591 855 2646 venient,
887 2591 1092 2646 formose,
1123 2592 1287 2648 capilli,

286 2666 379 2724 jam
411 2667 588 2710 venient
618 2681 765 2723 rugae,
798 2682 911 2723 quae
942 2669 1023 2712 tibi
1055 2683 1214 2724 corpus
1248 2676 1387 2714 arent.

200 2744 294 2799 ‚jam
327 2745 482 2788 molire
514 2745 722 2800 animum,
754 2747 829 2800 qui
860 2747 1002 2802 duret,
1035 2753 1078 2790 et
1109 2746 1288 2791 adstrue
1321 2747 1501 2791 formae.

292 2823 412 2866 solus
444 2822 500 2865 ad
532 2829 754 2867 extremos
785 2830 1015 2878 permanet
1045 2825 1119 2868 ille
1150 2836 1293 2878 rogos.

202 2898 366 2943 Forma
395 2899 512 2944 viros
542 2901 746 2955 neglecta
777 2901 917 2946 decet.
1428 2926 1430 2929 ·
1534 2914 1632 2947 0v1d.
1661 2914 1734 2948 Art-
1751 2914 1877 2951 Am.1.
1895 2917 1965 2948 609.

87 2979 169 3022 335
202 2978 457 3021 ...Forsan
489 2985 532 3022 et
562 2979 673 3022 haec
703 2979 807 3022 olim
840 2979 1093 3023 meminisse
1117 2979 1304 3034 juvabit.
1535 2993 1637 3033 νοω.
1662 2994 1795 3025 Aen.1.
1819 2994 1891 3026 203.

202 3055 457 3099 ...Forsan
489 3056 674 3100 miseros
706 3057 891 3100 meliora
921 3062 1173 3111 sequent-ur.
1539 3070 1642 3110 ναι-ς.
1667 3070 1751 3102 Aen.
1778 3069 1815 3104 12
1850 3069 1922 3105 153.

202 3132 313 3176 Fors
337 3133 465 3188 juvat
495 3133 722 3189 audentes,
756 3134 831 3178 Cei
865 3135 1086 3178 sententia
1116 3136 1240 3178 vatis.
1537 3146 1653 3179 Claud.
1677 3147 1783 3187 Epist.
1806 3149 1836 3183 4.
1860 3150 1890 3183 9.

203 3244 239 3253 ..
260 3245 268 3253 .
287 3210 400 3254 Fors
432 3211 581 3254 omnia
611 3219 770 3255 versat.
1539 3225 1641 3265 νας.
1664 3225 1735 3257 Eel.
1764 3226 1791 3255 9.
1815 3226 1844 3258 5.

201 3321 237 3331 ..
258 3322 266 3331 .
287 3287 466 3332 Fortem
498 3288 582 3332 hoc
613 3289 808 3332 animum
838 3289 1029 3334 tolerare
1054 3290 1240 3346 jubcb03
1542 3302 1623 3335 nor.
1647 3302 1715 3334 Sat.
1740 3302 1780 3335 11.
1805 3304 1833 3335 5.
1857 3304 1907 3335 20.

232 3370 277 3410 et
308 3365 531 3421 quondam
563 3365 733 3422 majora
763 3366 859 3411 tuli.
