2164 3666
913 193 1011 198 .-,-
1083 172 1115 222 5
1186 196 1286 202 ——

281 324 358 364 aut
387 331 546 375 magno
578 323 654 363 aut
682 331 818 374 parvo
847 319 925 364 leti
956 319 1079 375 fuga:
1110 334 1210 376 quo,
1240 322 1368 377 bone,
1399 321 1529 377 circa,

286 395 388 440 dum
419 396 537 452 licet,
567 396 614 439 in
643 396 774 440 rebus
798 395 1006 451 jucundis
1029 398 1132 459 ‘vive
1162 398 1332 454 beatus,

281 474 377 518 vive
407 487 587 529 memor,
618 487 749 528 quam
780 473 840 518 sis
871 474 968 518 aevi
998 474 1154 519 brevis.

239 572 257 588 ·
281 556 415 600 Casta
444 556 554 601 mihi
583 556 738 602 domus
769 562 814 601 et
843 558 962 602 celso
993 564 1112 602 stant
1141 560 1253 604 colle
1283 566 1486 615 penates:
1601 574 1658 608 sn.
1683 575 1754 607 nai.
1779 575 1866 608 run.
1884 574 1931 605 15.
1958 574 2033 607 101.

282 633 422 678 ardua
451 646 610 678 saxoso
641 633 843 688 perducit
874 636 1033 679 semita
1061 637 1174 680 clivo
1203 638 1281 693 (ait
1310 637 1491 693 Virtus).

279 716 438 761 Castor
466 717 628 772 gaudet
658 718 795 773 equis,
827 732 907 762 ovo
938 725 1179 774 prognatus
1210 720 1363 764 eodem
1395 722 1572 778 Pugnis.
1604 734 1843 767 uor.sat.11.
1867 735 1894 765 ι.
1918 735 1967 765 ar..

278 800 417 846 Casus
446 801 609 857 ubique
639 802 772 845 valet:
805 814 978 857 semper
1007 803 1088 846 tibi
1118 804 1309 859 pendeat
1339 805 1509 849 hamus.
1597 819 1698 851 ovid.
1723 822 1796 857 Art,
1813 818 1935 850 Ama
1954 818 2029 851 425.

364 892 450 934 quo
481 878 659 922 minime
691 878 834 922 credis
864 881 1048 934 gurgite,
1080 882 1214 935 piscis
1245 882 1341 925 erit.

280 989 290 999 .
308 989 318 999 .
336 989 347 1000 .
365 955 598 999 Catilinam
636 957 718 999 vid.
749 955 940 1000 Dociles.
1008 1007 1021 1020 ⁶

278 1039 423 1084 Causa
444 1040 572 1095 jubet
602 1041 758 1083 melior
788 1040 977 1096 Superos
1009 1054 1188 1095 sperare
1220 1043 1448 1086 secundos.
1606 1058 1733 1091 Lucan.
1759 1058 1875 1090 Pham.
1903 1057 1932 1091 7.
1956 1057 2030 1091 350.

207 1179 211 1182 ι
277 1115 421 1160 Causa
450 1118 697 1172 patrocinio
730 1119 810 1161 vid.
849 1117 944 1161 Neu
977 1131 1093 1162 cave.

170 1203 251 1245 100
280 1235 290 1245 .
308 1235 318 1245 .
337 1234 346 1244 .
365 1200 478 1245 Cave
509 1200 623 1245 faxis
655 1201 718 1244 Te
750 1202 983 1257 quicquam
1015 1201 1254 1256 indignum.
1602 1219 1684 1250 nor.
1706 1218 1775 1250 Sat.
1798 1219 1840 1252 11.
1863 1219 1893 1249 3.
1916 1220 1965 1249 28.

226 1332 234 1337 ,
279 1284 514 1328 Cedamus:
546 1285 640 1330 leve
671 1285 732 1340 fit,
764 1285 880 1340 quod
912 1287 1023 1330 bene
1055 1286 1207 1342 fertur,
1238 1298 1361 1330 onus.
1603 1302 1703 1336 ovid.
1727 1303 1845 1335 Amor.
1874 1302 1900 1336 1.
1923 1303 1951 1332 2.
1977 1302 2031 1334 ιο.

277 1367 494 1413 Cedamus
524 1369 688 1425 patria:
721 1370 865 1413 vivant
898 1370 1102 1414 Artorius
1134 1371 1233 1414 istic
1600 1386 1680 1420 συν,
1703 1386 1772 1418 Sat.
1795 1386 1826 1420 a.
1849 1386 1900 1418 29.

278 1450 322 1490 et
343 1445 542 1491 Catulus:
575 1453 795 1503 maneant,
827 1448 899 1502 qui
933 1448 1106 1503 nigrum
1128 1449 1172 1491 in
1193 1449 1383 1493 candida
1404 1457 1588 1494 vertunt.

278 1530 448 1575 Cedant
477 1543 601 1575 arma
632 1538 773 1587 togae,
805 1531 1049 1576 concedant
1080 1532 1232 1576 laurea
1262 1533 1450 1588 linguae.
1602 1548 1671 1577 (tic.
1695 1547 1737 1578 de
1759 1546 1817 1581 ors.
1843 1547 1870 1579 1.
1894 1547 1943 1577 ⁴1².

276 1613 446 1659 Cedant
476 1616 743 1659 carminibus
774 1629 899 1670 reges
931 1628 1169 1670 regumque
1201 1617 1427 1672 triumphi.
1600 1631 1834 1663 ‹)vm.Am01-.
1858 1630 1881 1662 1.
1907 1630 1956 1660 15.
1973 1630 2029 1660 :3:3.

168 1702 247 1743 105
280 1698 443 1743 Cedas:
474 1699 684 1754 obsequio
716 1699 906 1754 plurima
936 1700 1070 1743 vincit
1100 1714 1235 1744 amor.
1604 1714 1680 1748 Tu).
1704 1713 1753 1745 m.
1778 1714 1802 1748 1.
1826 1714 1856 1745 4.
1878 1714 1927 1744 40.

277 1783 442 1827 Cedere
473 1783 638 1827 divitiis
669 1783 804 1826 animi
836 1783 1012 1827 fortuna
1041 1783 1218 1829 fatetur.
1603 1798 1718 1830 elma.
1742 1797 1848 1837 Epist
1873 1797 1900 1825 3.
1925 1798 1954 1830 5.

277 1859 444 1904 Cedere
476 1861 630 1916 maiori
662 1860 832 1904 virtutis
864 1860 981 1904 fama
1011 1861 1205 1905 secunda
1234 1870 1322 1917 est3
1605 1875 1704 1906 Mart.
1727 1875 1770 1905 de
1792 1877 1897 1914 spect.
1920 1873 1969 1904 31.

358 1937 437 1981 illa
465 1938 609 1992 gravis
641 1938 790 1992 palma
819 1944 899 1992 est,
931 1951 1060 1993 quam
1094 1939 1236 1982 minor
1266 1940 1407 1984 hostis
1438 1940 1586 1984 habet.

276 2014 393 2059 Cede
423 2015 707 2070 repugnanti:
739 2015 934 2059 cedendo
965 2016 1103 2059 victor
1133 2017 1288 2061 abibis.
1580 2028 1701 2060 ·0v1‹1.
1725 2025 2028 2061 An.Am.2.107.

277 2091 489 2136 ...Cedit
518 2092 684 2135 viribus
715 2105 902 2148 aequum
1602 2106 1702 2138 Ovm.
1736 2106 1829 2138 Tri-t
1852 2105 1895 2139 v.
1924 2105 1949 2134 7.
1975 2105 2028 2139 47.

358 2169 559 2225 victaque
588 2170 776 2224 pugnaci
801 2170 904 2224 jura
935 2170 1015 2214 sub
1047 2183 1154 2215 ense
1178 2171 1343 2226 jacent.

166 2250 248 2292 110
277 2247 440 2291 Cereus
471 2247 515 2290 in
546 2246 698 2290 vitium
729 2246 862 2301 flecti,
893 2247 1182 2291 monitoribus
1213 2262 1343 2304 asper
1362 2248 1582 2305 (juvanis),
1602 2261 1686 2294 nor.
1709 2260 1815 2300 Epist.
1839 2260 1879 2291 11.
1903 2259 1931 2288 ³.
1957 2259 2028 2292 163.

274 2323 450 2367 utilium
479 2323 631 2368 tardus
662 2327 872 2379 provisor,
904 2324 1113 2380 prodigus
1145 2326 1274 2381 aeris,

276 2400 476 2445 sublimis
505 2401 775 2456 cupidusque
806 2407 849 2444 et
880 2407 1028 2445 amata
1056 2402 1304 2457 relinquere
1335 2403 1503 2457 pernix.

274 2478 439 2522 Cernas
469 2491 565 2522 esse
596 2478 763 2522 homini
794 2479 1017 2534 quaesitos
1049 2485 1204 2535 sponte
1235 2478 1423 2524 dolores.
1596 2491 1811 2530 ‹acaum-a
1834 2490 1906 2524 Aa.
1929 2491 1958 2522 6.
1981 2491 2028 2529 ².)

274 2555 426 2599 Cernis
457 2560 504 2599 ut
534 2555 737 2611 ignavum
769 2563 1050 2611 corrumpant
1080 2557 1171 2600 otia
1200 2570 1371 2612 corpus,
1601 2569 1702 2603 Ovid.
1725 2577 1768 2599 ex
1785 2568 1887 2601 Pont.
1910 2567 1936 2599 1.
1950 2567 1980 2599 5.
1997 2567 2027 2599 5.

358 2638 408 2677 ut
437 2633 616 2688 capiant
645 2633 811 2687 vitium,
842 2633 888 2677 ni
918 2640 1187 2689 moveantur,
1219 2647 1372 2689 aquae.

274 2709 563 2754 Citharoedus
573 2710 759 2753 Ridetur
778 2710 945 2754 chorda
965 2711 1038 2765 qui
1052 2724 1224 2766 semper
1234 2712 1412 2755 oberrat
1424 2711 1590 2755 eadem.
1603 2723 1683 2754 nor.
1706 2722 1814 2761 Epist.
1837 2722 1877 2752 11.
1902 2721 1929 2751 3.
1954 2720 2026 2754 355.

275 2786 476 2832 Claudite
506 2801 621 2833 nunc
651 2788 781 2842 rivos,
813 2788 951 2844 pueri,
983 2794 1052 2831 sat
1081 2795 1211 2842 prata
1241 2789 1458 2832 biberunt.
1595 2800 1695 2839 verg.
1720 2799 1790 2833 aci.
1814 2799 1843 2828 a
1869 2798 1937 2829 ιιι.

166 2866 244 2907 115
275 2863 436 2908 Clausa
465 2863 573 2909 fides
603 2864 788 2920 miseris,
819 2870 863 2908 et
893 2870 985 2908 toto
1016 2865 1134 2908 solus
1166 2865 1211 2907 in
1242 2866 1347 2909 orbe
1379 2872 1458 2921 est,
1601 2877 1726 2908 Luem.
1751 2876 1866 2907 Pham
1901 2876 1931 2908 9.
1954 2875 2027 2908 245.

275 2941 348 2995 qui
380 2940 483 2986 velit
514 2955 565 2985 ac
595 2942 736 2997 possit
766 2941 892 2985 victis
923 2949 1148 2996 praestare
1181 2942 1381 2985 salutem.

275 3052 285 3062 .
304 3051 313 3062 .
332 3052 341 3062 .
359 3018 481 3061 Clivo
512 3018 720 3062 sudamus
751 3019 797 3062 in
828 3019 930 3062 imo.
1602 3030 1702 3062 ovid.
1725 3030 1804 3061 Her.
1826 3030 1879 3062 20.
1902 3029 1952 3059 43.

275 3129 284 3138 .
303 3129 312 3138 .
331 3128 340 3138 .
358 3095 570 3151 Clypeum
599 3100 699 3150 post
729 3095 911 3138 vulnera
941 3109 1079 3139 sumo.
1603 3107 1703 3138 Ovid.
1726 3107 1830 3139 Trist.
1852 3107 1877 3137 1.
1901 3105 1929 3139 3.
1954 3106 2005 3138 35.

273 3172 466 3226 Coelum,
484 3185 571 3215 non
590 3172 796 3227 animum,
831 3178 1002 3215 mutant
1024 3172 1096 3227 qui
1119 3178 1241 3215 trans
1261 3185 1380 3216 mare
1400 3178 1686 3219 cu1·r1u1t.}10r.
1710 3184 1819 3223 Epist.
1840 3184 1864 3215 1.
1885 3169 1938 3214 11.
1962 3183 2012 3213 27.

274 3249 454 3303 Collige,
484 3249 605 3303 virgo
635 3262 772 3303 rosas,
803 3249 906 3292 dum
938 3248 1019 3293 flos
1049 3262 1186 3293 novus
1217 3255 1261 3292 et
1290 3262 1403 3293 nova
1422 3249 1574 3304 pubes,
1593 3261 1721 3293 Annon.
1750 3261 1792 3292 de
1815 3261 1896 3292 Ros.
1919 3260 1969 3292 49.

358 3331 403 3370 et
433 3338 599 3370 memor
629 3331 737 3382 esto,
769 3338 923 3371 aevum
955 3326 1017 3370 sic
1047 3338 1288 3382 properare
1318 3331 1454 3370 tuum.
