2164 3666
892 185 1299 235 *24*

274 370 284 380 .
303 370 313 380 .
331 369 341 380 .
358 335 601 380 Memorem
631 335 795 379 famam
825 335 907 379 vid.
939 334 1002 378 Et
1033 348 1284 380 memorem.

271 414 401 457 Mens
431 414 613 457 immota
642 417 804 466 manet,
835 413 1043 457 lacrimae
1073 413 1305 458 volvuntur
1334 415 1502 459 inanes.
1604 429 1708 469 Verg.
1730 429 1818 464 Aen.
1839 430 1870 461 4.
1892 430 1966 465 449.

357 491 565 535 Mercede
597 496 718 534 caret
746 503 828 546 per
857 503 992 546 seque
1021 491 1214 547 petenda
1243 497 1310 536 est
1605 507 1918 543 oviaexrontsl.
1936 509 1964 540 8.
1977 509 2030 543 85.

272 569 468 613 externis
498 569 638 612 virtus
668 569 929 612 incomitata
953 569 1096 613 bonis.

273 682 283 692 .
303 682 311 692 .
330 682 340 692 .
356 647 531 691 Meritis
562 647 746 690 offertur
775 647 995 702 inemptus
1025 647 1144 691 Pura
1173 654 1320 692 mente
1349 648 1486 693 favor.
1603 662 1720 697 claud.
1737 663 1867 695 Houor.
1883 663 1942 696 vl·
1958 664 2030 695 807.

157 729 244 770 540
272 726 420 770 Messe
442 731 570 769 tenus
589 725 773 781 propria
791 725 901 780 vive,
923 731 967 768 et
989 725 1206 781 grana-ria,
1237 725 1304 770 fas
1327 732 1406 783 est,
1427 726 1692 773 Emoleaeera
1716 741 1785 773 Sat.
1808 742 1839 776 6.
1861 742 1912 773 25.

270 803 424 847 Metiri
455 816 502 846 se
533 814 750 858 quemque
781 816 860 847 suo
891 802 1068 847 modulo
1100 817 1151 847 ac
1182 804 1294 859 pede
1325 818 1474 849 verum
1506 811 1586 850 est.
1604 819 1688 854 nor.
1711 819 1818 859 Epist.
1840 820 1865 852 1.
1889 820 1917 851 7.
1941 820 1993 854 98.

273 915 283 925 .
302 915 311 924 .
331 915 340 924 .
357 880 488 924 Metit
519 880 658 924 Orcus
1602 898 1685 929 Hor.
1706 898 1813 938 Epist.
1835 898 1876 930 11.
1899 898 1928 932 2-
1951 899 2021 932 178.

272 959 458 1014 grandia
488 972 587 1002 cum
617 958 779 1014 parvis,
810 972 900 1002 non
931 960 1170 1004 exorabilis
1202 973 1322 1004 auro.
1357 960 1408 1017 (2)

270 1037 401 1080 Miles
433 1036 647 1091 depositis
678 1049 871 1080 annosus
903 1037 1085 1081 secubat
1116 1038 1264 1094 armis,
1605 1054 1706 1094 prop.
1729 1053 1779 1085 181.
1801 1054 1861 1086 111.
1883 1054 1934 1085 25.
1957 1054 1987 1088 5.

328 1114 654 1171 grandaevique
684 1119 848 1170 negant
878 1114 1038 1158 ducere
1069 1121 1219 1159 aratra
1246 1116 1394 1161 boves.

269 1193 435 1236 Militat
465 1192 608 1236 omnis
640 1206 792 1236 amans
825 1197 868 1236 et
899 1192 1034 1236 habet
1065 1207 1145 1237 sua
1175 1199 1323 1238 castra
1353 1194 1536 1251 Cupido.
1603 1208 1704 1243 Ovid.
1727 1209 1846 1241 Amor.
1870 1209 1896 1241 1.
1918 1210 1948 1243 9.
1971 1211 1997 1243 1.

156 1274 240 1315 545
271 1271 396 1314 Mille
427 1270 657 1315 hominum
689 1270 858 1325 species
891 1276 934 1314 et
963 1285 1111 1315 rerum
1143 1272 1335 1316 discolor
1364 1287 1484 1318 usus.
1602 1288 1697 1320 Pers.
1722 1287 1792 1321 Sat.
1821 1288 1851 1318 5.
1874 1287 1923 1318 52.

269 1349 396 1393 Mille
436 1349 580 1393 modis
611 1349 689 1393 leti
719 1350 906 1393 miseros
936 1362 1055 1393 mors
1085 1363 1174 1393 una
1203 1349 1374 1405 fatigat.
1604 1365 1689 1397 stat.
1713 1365 1822 1399 Theb.
1845 1365 1875 1396 9.
1898 1365 1973 1396 280.

272 1461 281 1471 .
301 1461 310 1471 .
329 1461 339 1471 .
356 1426 530 1470 Minuet
559 1427 756 1470 vindicta
785 1427 995 1471 dolorem.
1602 1443 1704 1478 ovid.
1728 1443 1845 1478 Amor.
1868 1444 1894 1480 1.
1916 1443 1944 1474 7.
1967 1443 2016 1474 88.

272 1504 521 1549 ...Minuit
549 1505 804 1560 praesentia
834 1504 1011 1549 famam.
1604 1521 1721 1554 claud.
1743 1521 1777 1554 b.
1801 1520 1888 1552 Gild.
1912 1520 1983 1552 885.

271 1618 281 1628 .
299 1617 309 1627 .
329 1617 339 1626 .
355 1583 520 1627 Minuti
1602 1600 1684 1632 σαν.
1706 1599 1776 1631 Sat.
1799 1599 1849 1632 13.
1873 1599 1944 1630 189.

271 1674 446 1717 semper
468 1666 511 1705 et
541 1660 704 1704 infirmi
735 1666 803 1704 est
833 1661 969 1704 animi
992 1661 1227 1716 exiguique
1248 1662 1451 1718 voluptas
1467 1663 1602 1708 Ultio.

155 1743 241 1783 550
270 1739 465 1794 Miraris,
498 1753 631 1795 quum
660 1744 710 1782 tu
740 1744 922 1794 argento
951 1744 1053 1794 post
1084 1739 1232 1783 omnia
1260 1753 1414 1796 ponas,
1601 1755 1686 1790 Hor.
1709 1754 1777 1788 Sat.
1800 1755 1826 1790 1.
1851 1753 1878 1790 1.
1902 1754 1956 1790 36,

270 1818 308 1862 si
338 1831 467 1862 nemo
497 1822 706 1874 praestet,
739 1830 869 1873 quem
898 1830 987 1861 non
1018 1818 1242 1873 merearis,
1274 1819 1500 1863 amorem?

271 1930 280 1940 .
300 1931 308 1940 .
331 1931 341 1941 .
358 1896 606 1939 Miscentur
634 1895 784 1939 tristia
813 1895 956 1939 laetis.
1601 1910 1703 1945 ovid.
1726 1910 1819 1946 Fast.
1841 1912 1873 1946 8.
1895 1912 1970 1947 468.

354 1974 523 2018 Misera
553 1978 621 2018 est
651 1973 799 2028 magni
830 1973 1031 2017 custodia
1061 1987 1233 2018 census.
1602 1989 1682 2021 συν.
1705 1989 1776 2022 sat.
1798 1990 1850 2025 14.
1873 1989 1948 2025 304.

271 2087 280 2097 .
300 2087 310 2097 .
328 2087 338 2097 .
355 2052 570 2096 Miserum
602 2057 670 2096 est
700 2052 887 2095 aliorum
918 2051 1174 2096 incumbere
1205 2051 1363 2096 famae.
1600 2067 1681 2103 συν.
1704 2067 1773 2100 Sat.
1797 2067 1826 2099 8.
1849 2068 1900 2099 78.

268 2130 424 2174 Mitius
455 2130 531 2174 ille
561 2130 689 2186 perit,
722 2129 868 2173 subita
898 2130 974 2184 qui
1004 2130 1218 2185 mergitur
1247 2130 1380 2187 unda,
1602 2144 2033 2180 Ovid.exP0nt.m.·1.2⁷.

355 2222 487 2264 quam
519 2221 599 2252 sua
628 2208 705 2262 qui
734 2206 916 2251 tumidis
947 2208 1132 2251 brachia
1161 2209 1300 2252 lassat
1330 2209 1469 2264 aquis.
1581 2198 1607 2216 ⁶

154 2289 238 2330 555
268 2286 400 2330 Mitte
431 2299 595 2330 arcana
625 2285 696 2329 dei
727 2285 987 2340 coelumque
1017 2286 1241 2342 inquirere
1272 2287 1379 2342 quid
1410 2287 1480 2331 sit.
1601 2300 1705 2332 Dion.
1729 2299 1802 2333 Cat.
1826 2301 1914 2333 mat.
1944 2301 1974 2332 2.
1997 2301 2027 2332 2.

268 2364 501 2419 Mixtaque
531 2378 630 2407 cum
661 2363 775 2407 veris
806 2363 973 2419 passim
1005 2370 1254 2408 commenta
1283 2371 1500 2420 vagantur
1603 2377 1704 2411 0v1d.
1726 2378 1807 2410 Met.
1830 2379 1881 2410 12.
1904 2379 1954 2410 ω

269 2442 411 2486 millia
440 2455 679 2497 rumorum,
711 2442 982 2497 confusaque
1012 2442 1147 2486 verba
1176 2442 1389 2487 volutant.

268 2521 414 2564 Mixta
444 2534 597 2564 senum
629 2533 680 2563 ac
704 2519 914 2574 juvenum
946 2519 1189 2563 densantur
1209 2520 1387 2575 funera;
1419 2521 1588 2565 nullum
1605 2534 1686 2567 nor.
1711 2532 1824 2568 carm.
1849 2534 1878 2566 1.
1900 2534 1951 2566 28.
1977 2535 2027 2569 19.

270 2611 402 2642 saeva
431 2603 564 2653 caput
584 2597 852 2653 Proserpina
882 2596 1006 2652 fugit.

269 2677 437 2720 Mobile
468 2681 664 2719 mutatur
694 2677 775 2718 vid.
808 2675 859 2718 In
891 2689 1134 2719 commune.

269 2746 478 2797 Mobilior
507 2754 662 2809 ventis,
695 2767 720 2797 o
751 2753 935 2797 femina!
1603 2766 1694 2807 Calp.
1718 2767 1787 2800 1301.
1811 2768 1841 2800 3.
1864 2768 1924 2800 ιο.-

269 2832 450 2875 Mobilis
481 2838 525 2875 et
554 2832 677 2875 varia
707 2837 774 2876 est
803 2830 942 2876 ferme
973 2838 1132 2875 natura
1163 2831 1391 2876 malorum.
1601 2845 1682 2880 Juv.
1706 2845 1774 2878 Sat.
1798 2846 1848 2877 13.
1871 2846 1943 2877 236.

154 2912 239 2954 560
356 2910 623 2954 Mollissima
653 2910 788 2954 corda
1600 2923 1679 2956 Juv.
1703 2923 1773 2955 sat.
1798 2924 1846 2956 15.
1871 2923 1942 2956 181.

268 2988 464 3032 humano
496 2988 646 3043 generi
678 2988 784 3032 dare
815 3001 862 3032 se
893 2993 1052 3032 natura
1083 2987 1260 3043 fatetur,

269 3080 382 3122 qnae
413 3065 620 3110 lacrimas
652 3065 787 3109 dedit.

270 3177 279 3187 .
299 3177 308 3187 .
327 3176 336 3188 .
355 3143 514 3188 Moniti
546 3144 729 3187 meliora
759 3157 1005 3199 sequamur.
1606 3155 1706 3196 νας.
1729 3156 1813 3187 Aen.
1837 3157 1865 3192 3,
1890 3157 1960 3189 188.

270 3220 429 3276 Mopso
459 3221 570 3265 Nisa
600 3221 749 3265 datur!
790 3221 896 3277 quid
927 3235 1015 3265 non
1047 3234 1277 3276 speremus
1309 3221 1541 3265 amantes?
1608 3234 1709 3273 Verg.
1734 3234 1803 3267 Eci.
1828 3235 1857 3266 8.
1880 3235 1930 3267 28.

270 3332 279 3341 .
299 3333 309 3343 .
328 3332 336 3341 .
355 3299 482 3342 Mora
513 3312 646 3354 saepe
677 3299 891 3343 malorum
923 3298 1013 3342 Dat
1043 3312 1212 3343 causas.
1603 3312 1719 3343 Manu.
1744 3311 1882 3345 Astron.
1905 3313 1935 3345 4.
1958 3313 2008 3343 75.

270 3376 482 3420 ...Mora
513 3389 687 3431 semper
717 3383 916 3422 amantes
948 3376 1121 3421 Incitat.
1216 3393 1219 3398 ·
1605 3388 1706 3421 0v111.
1730 3380 1896 3426 Ara-Am}
1913 3389 1942 3419 8.
1956 3389 2031 3422 473.
