2164 3666
228 311 431 368 Optimus
462 316 542 368 est,
573 311 811 359 Cleobulus
843 315 919 372 ait,
949 315 1120 370 modus,
1150 315 1298 361 incola
1326 316 1475 363 Lindi.
1570 331 1663 374 Sept.
1685 333 1763 375 Sap.
1786 334 1881 370 sent.
1904 334 1940 368 1.

229 389 432 446 Optimus
462 391 538 434 ille
569 391 652 435 fuit
682 392 857 448 vindex,
888 393 1114 438 laedentia
1142 399 1297 450 pectus
1572 410 1675 444 Ovid.
1698 413 1795 448 Rem.
1818 413 1889 444 294.

313 469 490 512 vincula
520 469 596 524 qui
625 471 745 525 rupit
776 470 1060 526 dedoluitque
1091 473 1240 516 semel.

112 546 198 590 790
228 545 264 589 O
296 559 428 601 quam
459 560 591 602 saepe
622 548 751 592 malis
781 555 1019 603 generatur
1049 550 1171 605 origo
1202 551 1430 595 malorum.
1564 580 1667 613 Rum-
1691 582 1770 615 Itin.
1794 583 1824 614 1.
1845 583 1921 618 49¹·

224 623 260 667 Ο
293 629 506 679 quantum
537 631 605 668 est
636 626 793 670 subitis
825 628 1001 672 casibus
1031 628 1270 683 ingenium.

224 701 451 745 Orandum
482 707 562 758 est,
593 708 642 746 ut
674 703 731 747 sit
760 717 885 749 mens
917 719 1026 749 sana
1055 706 1102 749 in
1133 719 1316 762 corpore
1353 720 1474 752 sano.

226 778 387 823 fortem
415 793 549 835 posce
580 781 788 837 animum,
819 783 975 827 mortis
1005 789 1174 828 terrore
1206 789 1444 840 carentem,

227 857 303 912 qui
334 858 527 912 spatium
558 858 674 902 vitae
706 865 952 903 extremum
983 861 1100 905 inter
1131 875 1316 906 munera
1344 852 1482 917 ponat

225 939 423 990 naturae,
455 936 530 991 qui
560 936 676 980 ferre
708 943 841 991 queat
873 952 1158 994 quoscunque
1187 939 1378 996 labores,

223 1013 395 1057 nesciat
424 1013 571 1069 irasci,
603 1015 754 1070 cupiat
784 1016 910 1071 nihil,
943 1021 987 1060 et
1015 1017 1213 1072 potiores

221 1090 429 1135 Herculis
461 1105 696 1136 aerumnas
729 1094 883 1137 credat
914 1107 1156 1150 saevosque
1187 1095 1364 1140 labores

223 1175 268 1213 et
287 1169 461 1214 Venere
494 1176 538 1214 et
569 1171 718 1215 coenis
750 1177 793 1215 et
823 1172 975 1228 pluma
999 1172 1305 1228 Sardanapali.
1563 1199 1646 1234 Hor,
1669 1199 1738 1231 Sat.
1761 1199 1805 1234 11.
1829 1200 1860 1235 3,
1883 1200 1936 1232 60,

222 1247 258 1291 O
290 1262 378 1304 rus,
411 1249 588 1303 quando
619 1263 699 1304 ego
730 1255 775 1293 te
806 1251 1033 1306 aspiciam,
1065 1251 1335 1307 quandoque
1365 1252 1519 1296 licebit

220 1340 337 1370 nunc
369 1332 566 1371 veterum
597 1328 738 1384 libris,
769 1342 886 1372 nunc
918 1342 1071 1373 somno
1103 1335 1147 1373 et
1177 1330 1394 1374 inertibus
1424 1330 1546 1375 horis

220 1404 381 1448 ducere
413 1405 630 1449 sollicitae
654 1405 853 1461 jucunda
884 1407 1047 1451 oblivia
1076 1407 1224 1451 vitae?
1567 1431 1666 1464 Ovio.
1687 1433 1989 1469 exPont1.4.21.

220 1482 324 1527 Otia
354 1496 515 1539 corpus
547 1484 684 1540 alunt,
716 1485 889 1528 animus
920 1498 1093 1540 quoque
1123 1485 1325 1540 pascitur
1355 1486 1458 1530 illis.
1566 1504 1880 1544 Ovid.'nem.139.

105 1562 187 1605 795
220 1560 325 1605 Otia
356 1562 394 1606 si
425 1561 571 1618 tollas,
602 1563 778 1617 periere
810 1562 1040 1618 Cupidinis
1071 1566 1230 1608 arcus.'

1566 737 1646 770 JuV.
1669 737 1739 771 Sat.
1762 739 1811 771 10.
1823 739 1910 771 356.

1564 1703 1666 1739 Ovid.
1691 1703 1782 1739 Fast.
1804 1704 1835 1736 4.
1859 1704 1931 1735 40⁷.

1557 1782 1658 1829 Prop.
1680 1782 1733 1817 El.
1757 1782 1818 1817 1v.
1841 1782 1871 1813 5.
1894 1782 1924 1813 1.

1557 1861 1658 1900 Prop.
1681 1860 1732 1892 ΕΙ.
1754 1860 1796 1892 V.
1828 1859 1879 1891 11.
1901 1860 1930 1891 2.

1557 1937 1658 1973 Ovid.
1682 1938 1837 1970 exPont.
1853 1938 1878 1969 1.
1897 1936 1987 1968 5.23.

1562 2015 1663 2048 Ovid.
1686 2016 1767 2047 Met.
1790 2016 1820 2047 2.
1843 2015 1914 2047 127.

1558 2095 1662 2134 Verg.
1685 2093 1772 2128 Aen.
1796 2094 1825 2125 6.
1847 2094 1921 2128 853.

1560 2173 1642 2204 Hor·
1665 2171 1734 2204 Sat
1757 2172 1799 2204 11.
1822 2171 1852 2202 3.
1874 2171 1947 2203 243.

1558 2249 1659 2282 ovid.
1682 2249 1764 2284 Met.
1788 2249 1817 2281 9.
1840 2250 1913 2284 291.

1556 2328 1639 2361 Hor.
1663 2328 1733 2360 Sat.
1755 2328 1798 2360 11.
1821 2329 1850 2359 7.
1873 2329 1902 2359 6.

217 1689 354 1764 Pace
387 1716 519 1761 Ceres
549 1717 669 1762 laeta
699 1723 779 1762 est.

216 1794 347 1838 Pacis
378 1795 517 1839 Amor
547 1795 657 1840 deus
688 1802 768 1852 est,
800 1809 956 1852 pacem
982 1810 1247 1840 veneramur
1277 1802 1490 1841 amantes.

216 1873 433 1917 Panditur
463 1873 520 1917 ad
550 1874 696 1918 nullas
719 1874 860 1929 ,ianua
889 1874 1017 1930 nigra
1046 1888 1214 1930 preces.

215 1951 492 1996 Parcendum
524 1958 592 1996 est
622 1953 769 1996 animo
800 1953 1053 1997 miserabile
1083 1954 1241 1997 vulnus
1271 1953 1468 1998 habenti.

102 2033 187 2074 800
216 2030 369 2086 Parce,
400 2043 525 2086 puer,
558 2031 762 2086 stimulis,
795 2036 839 2074 et
869 2030 1027 2075 fortius
1057 2037 1180 2075 utere
1211 2031 1332 2076 loris.

212 2107 402 2152 Parcere
435 2107 646 2163 subjectis
678 2114 722 2152 et
752 2108 975 2154 debellare
1008 2109 1242 2165 superbos!

213 2186 384 2231 ...Par
414 2186 563 2230 nobile
594 2186 800 2230 fratrum!

213 2263 502 2319 ...Parsque
535 2270 603 2308 est
634 2266 888 2309 meminisse
920 2265 1100 2309 doloris.

210 2341 320 2385 Pars
353 2342 580 2385 hominum
611 2343 730 2387 vitiis
761 2343 923 2398 gaudet
955 2349 1209 2387 constanter
1239 2348 1282 2386 et
1313 2348 1440 2398 urget

207 2420 498 2476 propositum,
530 2434 634 2476 pars
657 2421 796 2464 multa
826 2426 966 2476 natat,
999 2420 1128 2464 modo
1146 2426 1270 2464 recta
1287 2434 1537 2477 capessens,

209 2497 432 2541 interdum
463 2499 610 2554 pravis
643 2499 848 2543 obnoxia.

95 2578 178 2619 805
208 2575 468 2620 Parturiunt
499 2582 686 2633 montes,
717 2583 925 2621 nascetur
954 2577 1169 2620 ridiculus
1200 2590 1309 2620 mus.
1555 2577 1637 2608 Hor·
1660 2576 1766 2616 Epist„
1790 2577 1831 2608 11·
1855 2576 1884 2609 3·
1908 2577 1979 2609 139·

210 2653 354 2698 Parva
383 2668 562 2698 monere
593 2655 743 2711 pudet,
1555 2654 1655 2686 Ovid.
1672 2654 1747 2686 Art.
1764 2649 1847 2685 Am.
1861 2653 1891 2684 8.
1907 2655 1979 2686 353.

210 2731 355 2776 Parva
385 2738 517 2777 necat
547 2747 696 2777 morsu
729 2734 974 2789 spatiosum
1004 2733 1157 2788 vipera
1186 2736 1374 2777 taurum.
1557 2731 1657 2767 Ovid·
1680 2733 1774 2764 Rem.
1801 2732 1874 2763 421-

211 2845 220 2854 .
240 2844 249 2854 .
268 2844 278 2855 .
294 2811 448 2854 Parvis
481 2811 603 2855 dives
635 2811 874 2854 concordia
904 2811 1049 2854 rebus.
1549 2810 1606 2842 su.
1629 2811 1693 2843 Itil-
1717 2811 1803 2842 Pun·
1826 2810 1856 2845 9.
1879 2810 1957 2841 407.
1998 2870 2001 2873 .

208 2888 411 2944 Parvula,
444 2902 546 2932 nam
578 2889 780 2944 exemplo
812 2895 892 2944 est,
924 2888 1071 2943 magni
1103 2887 1289 2931 formica
1317 2887 1484 2932 laboris
1552 2889 1634 2920 Hor.
1658 2888 1728 2920 Sat.
1752 2889 1777 2923 1.
1802 2889 1830 2919 ¹·
1858 2887 1909 2918 33·

210 2980 285 3010 ore
316 2967 456 3010 trahit
487 2967 779 3022 quodcunque
811 2972 958 3022 potest
990 2972 1122 3021 atque
1154 2965 1279 3009 addit
1310 2979 1480 3022 acervo,

212 3057 343 3098 quem
375 3045 520 3100 struit,
551 3044 672 3088 haud
704 3045 859 3099 ignara
889 3058 940 3088 ac
971 3058 1059 3088 non
1089 3045 1269 3087 incauta
1298 3043 1447 3087 futuri.

95 3123 181 3164 810
210 3121 399 3164 Parvum
430 3135 567 3177 parva
596 3122 767 3166 decent.
1554 3135 1637 3166 nor.
1659 3135 1767 3175 Epist„
1795 3135 1822 3168 1.
1858 3136 1887 3167 7.
1909 3135 1963 3170 44

211 3198 416 3242 Pascitur
446 3200 491 3243 in
522 3200 631 3242 vivis
662 3200 785 3255 livor,
818 3206 918 3255 post
949 3199 1041 3243 fata
1071 3199 1270 3255 quiescit.
1547 3212 1647 3244 Ovm:
1664 3212 1782 3245 Amor.
1802 3213 1827 3245 1.
1853 3213 1904 3248 15.
1923 3212 1975 3248 89.

209 3275 421 3321 Passibus
453 3278 671 3332 ambiguis
702 3277 902 3321 Fortuna
931 3277 1136 3321 volubilis
1167 3282 1300 3332 errat,
1549 3290 1649 3324 ovid.
1672 3291 1773 3323 'ri-ist.
1796 3290 1838 3323 v.
1867 3290 1898 3324 8.
1922 3291 1970 3324 ιε

295 3360 340 3399 et
370 3361 519 3399 manet
550 3356 594 3398 in
626 3355 746 3399 nullo
778 3361 899 3399 certa
929 3360 1151 3410 tenaxque
1182 3354 1292 3410 loco,

1555 659 1700 692 Martiam
1716 661 1759 697 de
1773 665 1879 701 spect.
1895 655 1944 694 14.
1961 662 1998 702 4.

2149 3163 2152 3167 ”
2154 2909 2164 3109 ..mm—..namm-
2158 2824 2164 2886 f-..
2159 2771 2164 2794 .,
